1282038389,0.06300000,100.00000000
1282041665,0.06400000,100.00000000
1282041689,0.06500000,67.00000000
1282056669,0.06243000,78.00000000
1282064651,0.06500000,32.00000000
1282064671,0.06600000,104.00000000
1282064671,0.06600000,100.00000000
1282064690,0.06620000,167.00000000
1282064702,0.06650000,265.00000000
1282064702,0.06649900,100.00000000
1282064702,0.06640000,0.00000000
1282064716,0.06700000,870.00000000
1282064716,0.06700000,100.00000000
1282064737,0.06700000,399.00000000
1282065261,0.06790000,736.00000000
1282065275,0.06800000,174.00000000
1282065275,0.06800000,100.00000000
1282065275,0.06800000,4.00000000
1282065275,0.06800000,58.00000000
1282065275,0.06800000,375.00000000
1282065290,0.06850000,100.00000000
1282065403,0.06890000,100.00000000
1282065410,0.06900000,11.00000000
1282065410,0.06900000,100.00000000
1282065410,0.06900000,14.00000000
1282065410,0.06900000,150.00000000
1282065418,0.06939000,241.00000000
1282066476,0.06939000,1061.00000000
1282066482,0.06997200,1561.00000000
1282066482,0.07000000,0.00000000
1282066482,0.07000000,50.00000000
1282066482,0.07000000,34.00000000
1282066498,0.07009000,1000.00000000
1282066676,0.07009000,400.00000000
1282066946,0.07009000,143.00000000
1282066949,0.07100000,150.00000000
1282066949,0.07100000,4.00000000
1282066949,0.07100000,50.00000000
1282066949,0.07100000,1.00000000
1282066957,0.07200000,20.00000000
1282066957,0.07200000,90.00000000
1282066978,0.07250000,10.00000000
1282066999,0.07290000,50.00000000
1282067056,0.07300000,1.00000000
1282067056,0.07300000,5.00000000
1282067056,0.07300000,2.00000000
1282067056,0.07300000,9.00000000
1282067056,0.07300000,10.00000000
1282067056,0.07300000,144.00000000
1282067074,0.07350000,100.00000000
1282067089,0.07400000,50.00000000
1282067111,0.07490000,23.00000000
1282067111,0.07500000,230.00000000
1282067111,0.07500000,60.00000000
1282067111,0.07690000,586.00000000
1282067144,0.07690000,250.00000000
1282068200,0.07000000,2.00000000
1282070943,0.06560000,50.00000000
1282079618,0.06980000,100.00000000
1282079618,0.06990000,100.00000000
1282079618,0.07050000,100.00000000
1282079618,0.07100000,100.00000000
1282079618,0.07200000,100.00000000
1282079618,0.07300000,2.00000000
1282079618,0.07350000,100.00000000
1282079618,0.07400000,500.00000000
1282087619,0.07000000,4.00000000
1282107658,0.06999000,127.00000000
1282107658,0.06999000,95.00000000
1282107666,0.07330000,100.00000000
1282107678,0.07330000,15.00000000
1282128968,0.07330000,128.00000000
1282143005,0.07001000,0.00000000
1282152165,0.06900100,127.00000000
1282152165,0.06900000,2.00000000
1282153535,0.06899000,170.00000000
1282158478,0.06750000,1.00000000
1282163868,0.06750000,140.00000000
1282164524,0.06810000,20.00000000
1282164543,0.06880000,500.00000000
1282164543,0.06880000,872.00000000
1282169361,0.06700000,2.00000000
1282169868,0.06700000,97.00000000
1282174722,0.06800000,29.00000000
1282174722,0.06800000,389.00000000
1282174739,0.06800000,0.00000000
1282174993,0.06800000,136.00000000
1282191068,0.06790000,118.00000000
1282191068,0.06750000,0.00000000
1282223657,0.06760000,400.00000000
1282230707,0.06760000,100.00000000
1282230732,0.06750000,22.00000000
1282260783,0.06670000,100.00000000
1282275869,0.06670000,45.00000000
1282275906,0.06610000,150.00000000
1282284584,0.06601200,500.00000000
1282286206,0.06601200,1.00000000
1282286222,0.06601200,1.00000000
1282286246,0.06601200,18.00000000
1282299785,0.06600100,16.00000000
1282317056,0.06600100,1102.00000000
1282317056,0.06600000,1000.00000000
1282317056,0.06600000,47.00000000
1282319309,0.06600000,200.00000000
1282326739,0.06600000,10.00000000
1282326739,0.06600000,216.00000000
1282333242,0.06550000,24.00000000
1282333290,0.06500000,180.00000000
1282333760,0.06500000,119.00000000
1282333760,0.06500000,500.00000000
1282333760,0.06500000,2.00000000
1282333760,0.06500000,15.00000000
1282333760,0.06500000,10.00000000
1282343394,0.06639000,40.00000000
1282347605,0.06550000,1.00000000
1282351573,0.06550000,249.00000000
1282351692,0.06450000,1.00000000
1282367338,0.06500000,52.00000000
1282367338,0.06450000,2.00000000
1282367367,0.06450000,945.00000000
1282371388,0.06450000,51.00000000
1282394580,0.06599000,673.00000000
1282394580,0.06600000,48.00000000
1282394971,0.06610000,1000.00000000
1282395355,0.06610000,50.00000000
1282397555,0.06440000,1.00000000
1282398103,0.06620000,20.00000000
1282398312,0.06630000,100.00000000
1282411847,0.06650000,1458.00000000
1282411847,0.06689900,1541.00000000
1282421048,0.06610000,450.00000000
1282422554,0.06610000,50.00000000
1282423330,0.06600000,50.00000000
1282424654,0.06510000,1950.00000000
1282430916,0.06510000,50.00000000
1282430916,0.06500000,200.00000000
1282432059,0.06640000,1500.00000000
1282436404,0.06500000,800.00000000
1282436404,0.06500000,39.00000000
1282436423,0.06450000,200.00000000
1282436432,0.06440100,500.00000000
1282436442,0.06440100,461.00000000
1282436660,0.06640000,52.00000000
1282436923,0.06350000,100.00000000
1282436923,0.06380000,100.00000000
1282436923,0.06400000,10.00000000
1282436923,0.06400000,20.00000000
1282436923,0.06400000,57.00000000
1282436923,0.06400000,54.00000000
1282436923,0.06400000,150.00000000
1282436923,0.06410000,500.00000000
1282436923,0.06440000,446.00000000
1282436923,0.06440100,639.00000000
1282438288,0.06348000,1.00000000
1282438308,0.06348000,1411.00000000
1282440395,0.06300000,10.00000000
1282440405,0.06290000,35.00000000
1282445739,0.06230000,1500.00000000
1282445739,0.06220000,1100.00000000
1282445739,0.06210000,100.00000000
1282465006,0.06340000,50.00000000
1282465102,0.06350000,460.00000000
1282465240,0.06341000,23.00000000
1282466911,0.06339000,26.00000000
1282467081,0.06350000,3462.00000000
1282468164,0.06500000,0.00000000
1282470357,0.06351000,1.00000000
1282470416,0.06351000,1.00000000
1282471308,0.06400000,1.00000000
1282475169,0.06400000,99.00000000
1282476503,0.06201000,200.00000000
1282478627,0.06320000,400.00000000
1282480047,0.06320000,50.00000000
1282480047,0.06320000,250.00000000
1282480567,0.06320000,500.00000000
1282480835,0.06320000,100.00000000
1282481557,0.06350000,1.00000000
1282481561,0.06350000,1.00000000
1282481564,0.06350000,0.00000000
1282482329,0.06320000,1.00000000
1282482338,0.06320000,1.00000000
1282482340,0.06320000,1.00000000
1282482344,0.06320000,1.00000000
1282482347,0.06320000,1.00000000
1282482350,0.06320000,1.00000000
1282482475,0.06350000,1.00000000
1282482476,0.06350000,1.00000000
1282482479,0.06350000,1.00000000
1282482480,0.06350000,1.00000000
1282482482,0.06350000,1.00000000
1282482484,0.06350000,1.00000000
1282482506,0.06320000,1.00000000
1282482507,0.06320000,1.00000000
1282482509,0.06320000,1.00000000
1282482510,0.06320000,1.00000000
1282482511,0.06320000,1.00000000
1282482512,0.06320000,1.00000000
1282482514,0.06320000,1.00000000
1282482515,0.06320000,1.00000000
1282482516,0.06320000,1.00000000
1282482517,0.06320000,1.00000000
1282482519,0.06350000,1.00000000
1282482520,0.06350000,1.00000000
1282482521,0.06350000,1.00000000
1282482523,0.06350000,1.00000000
1282482524,0.06350000,1.00000000
1282482525,0.06350000,1.00000000
1282482526,0.06350000,1.00000000
1282482527,0.06350000,1.00000000
1282482529,0.06350000,1.00000000
1282482530,0.06350000,1.00000000
1282482682,0.06320000,1.00000000
1282482701,0.06350000,1.00000000
1282482939,0.06320000,1.00000000
1282482947,0.06350000,1.00000000
1282482962,0.06320000,1.00000000
1282482964,0.06350000,1.00000000
1282483525,0.06320000,1.00000000
1282483966,0.06350000,1.00000000
1282484238,0.06320000,1.00000000
1282484345,0.06350000,1.00000000
1282486485,0.06340000,50.00000000
1282486541,0.06350000,75.00000000
1282486570,0.06500000,1.00000000
1282487056,0.06330000,2.00000000
1282487694,0.06330000,2.00000000
1282489551,0.06330000,46.00000000
1282493849,0.06400000,50.00000000
1282497333,0.06400000,30.00000000
1282497365,0.06330000,50.00000000
1282497473,0.06320000,874.00000000
1282499512,0.06320000,0.00000000
1282499512,0.06201000,24.00000000
1282499512,0.06200000,100.00000000
1282502653,0.06200000,30.00000000
1282502789,0.06200000,19.00000000
1282502789,0.06200000,10.00000000
1282502789,0.06200000,20.00000000
1282502789,0.06200000,100.00000000
1282502789,0.06200000,500.00000000
1282502789,0.06200000,300.00000000
1282502789,0.06200000,40.00000000
1282503011,0.06120000,51.00000000
1282505286,0.06201000,300.00000000
1282505895,0.06400000,1.00000000
1282506661,0.06201000,10.00000000
1282509950,0.06400000,1.00000000
1282510716,0.06400000,48.00000000
1282511484,0.06401000,5.00000000
1282511495,0.06500000,35.00000000
1282511694,0.06210000,1.00000000
1282511753,0.06201000,3.00000000
1282511753,0.06201000,26.00000000
1282512176,0.06500000,25.00000000
1282512176,0.06500000,446.00000000
1282512176,0.06500000,70.00000000
1282512176,0.06500000,20.00000000
1282512176,0.06500000,19.00000000
1282512228,0.06501000,400.00000000
1282512262,0.06501000,50.00000000
1282512271,0.06550000,30.00000000
1282513535,0.06500000,50.00000000
1282514141,0.06600000,19.00000000
1282514498,0.06500000,350.00000000
1282514536,0.06400000,1.00000000
1282516448,0.06600000,1.00000000
1282517586,0.06330000,73.00000000
1282518562,0.06300000,327.00000000
1282520842,0.06600000,1.00000000
1282522360,0.06600000,1.00000000
1282522363,0.06600000,1.00000000
1282522364,0.06600000,1.00000000
1282522368,0.06300000,1.00000000
1282527747,0.06600000,1.00000000
1282560202,0.06539000,12.00000000
1282566492,0.06410000,4.00000000
1282569614,0.06409000,200.00000000
1282570137,0.06409000,100.00000000
1282582418,0.06409000,100.00000000
1282586946,0.06409000,148.00000000
1282586946,0.06409000,38.00000000
1282586946,0.06449000,13.00000000
1282587527,0.06449000,1.00000000
1282587527,0.06510000,0.00000000
1282591318,0.06490000,451.00000000
1282591363,0.06500000,447.00000000
1282591511,0.06549000,13.00000000
1282591522,0.06550000,10.00000000
1282591545,0.06550000,290.00000000
1282591562,0.06600000,40.00000000
1282591562,0.06600000,1000.00000000
1282591606,0.06649000,19.00000000
1282591616,0.06659000,2.00000000
1282591622,0.06601000,200.00000000
1282591648,0.06660000,100.00000000
1282591651,0.06660000,50.00000000
1282591662,0.06669000,2.00000000
1282591669,0.06679900,98.00000000
1282591669,0.06679000,2.00000000
1282591682,0.06679900,100.00000000
1282592486,0.06688900,200.00000000
1282592527,0.06688900,300.00000000
1282593517,0.06600000,150.00000000
1282594535,0.06500000,150.00000000
1282601899,0.06491000,50.00000000
1282612481,0.06491000,150.00000000
1282616757,0.06500000,50.00000000
1282616785,0.06600000,10.00000000
1282616800,0.06650000,220.00000000
1282616813,0.06650000,8.00000000
1282627483,0.06650000,1.00000000
1282627528,0.06601000,0.00000000
1282627579,0.06491000,2.00000000
1282627616,0.06650000,1.00000000
1282637992,0.06501000,5.00000000
1282637992,0.06500000,150.00000000
1282644557,0.06640000,50.00000000
1282645351,0.06641000,150.00000000
1282648526,0.06641000,54.00000000
1282653380,0.06641000,1563.00000000
1282653501,0.06641000,1500.00000000
1282653570,0.06641000,1572.00000000
1282659924,0.06650000,638.00000000
1282660541,0.06650000,132.00000000
1282662460,0.06500000,1.00000000
1282673172,0.06500000,34.00000000
1282673190,0.06500000,14.00000000
1282681606,0.06500000,403.00000000
1282706119,0.06499000,1.00000000
1282706119,0.06635000,454.00000000
1282706119,0.06640000,294.00000000
1282714021,0.06410000,5.00000000
1282736033,0.06639000,155.00000000
1282736033,0.06640000,605.00000000
1282736033,0.06650000,0.00000000
1282737327,0.06550000,500.00000000
1282739307,0.06520000,150.00000000
1282739399,0.06520000,50.00000000
1282741934,0.06501000,200.00000000
1282744266,0.06501000,50.00000000
1282767296,0.06630000,50.00000000
1282767339,0.06640000,255.00000000
1282767456,0.06649000,150.00000000
1282767456,0.06649900,350.00000000
1282769755,0.06570000,68.00000000
1282770807,0.06570000,100.00000000
1282770987,0.06590000,190.00000000
1282772595,0.06570000,296.00000000
1282772640,0.06500100,1.00000000
1282773820,0.06480100,1.00000000
1282779640,0.06480100,300.00000000
1282804937,0.06482000,200.00000000
1282804937,0.06480100,777.00000000
1282804937,0.06480000,22.00000000
1282818841,0.06579000,200.00000000
1282818841,0.06579900,1012.00000000
1282823090,0.06481000,200.00000000
1282826260,0.06480000,684.00000000
1282826360,0.06450000,200.00000000
1282826360,0.06420000,400.00000000
1282827150,0.06415000,56.00000000
1282827150,0.06400000,1.00000000
1282851331,0.06400000,20.00000000
1282851331,0.06400000,80.00000000
1282864877,0.06400000,14.00000000
1282865394,0.06470000,1.00000000
1282865431,0.06400000,1.00000000
1282869390,0.06400000,41.00000000
1282869390,0.06400000,203.00000000
1282872320,0.06399000,0.00000000
1282873195,0.06401000,11.00000000
1282873195,0.06300000,1.00000000
1282889280,0.06300000,41.00000000
1282889280,0.06300000,1.00000000
1282889280,0.06300000,10.00000000
1282889280,0.06300000,14.00000000
1282889280,0.06300000,133.00000000
1282898395,0.06399000,250.00000000
1282898395,0.06400000,50.00000000
1282902942,0.06400000,950.00000000
1282911469,0.06450000,25.00000000
1282911472,0.06450000,25.00000000
1282911483,0.06500000,144.00000000
1282915676,0.06500000,856.00000000
1282915676,0.06500000,201.00000000
1282915676,0.06500000,943.00000000
1282917650,0.06500000,1000.00000000
1282920729,0.06500000,20.00000000
1282924812,0.06500000,1200.00000000
1282927652,0.06500000,2646.00000000
1282940063,0.06490000,42.00000000
1282951826,0.06500000,20.00000000
1282951826,0.06500000,180.00000000
1282965647,0.06500000,302.00000000
1282965689,0.06460000,306.00000000
1282966150,0.06455000,46.00000000
1282966150,0.06450000,304.00000000
1282967461,0.06490000,306.00000000
1282967572,0.06500000,345.00000000
1282967865,0.06460000,308.00000000
1282967893,0.06450000,351.00000000
1282968262,0.06490000,308.00000000
1282968262,0.06500000,104.00000000
1282968262,0.06500000,100.00000000
1282968470,0.06460000,309.00000000
1282968470,0.06450000,202.00000000
1282970224,0.06450000,100.00000000
1282972873,0.06450000,1042.00000000
1282975919,0.06490000,20.00000000
1282977428,0.06460000,20.00000000
1282977452,0.06490000,20.00000000
1282977632,0.06460000,20.00000000
1282977659,0.06490000,20.00000000
1282977727,0.06460000,20.00000000
1282977727,0.06460000,0.00000000
1282977810,0.06490000,20.00000000
1282977810,0.06490000,0.00000000
1282977930,0.06460000,0.00000000
1282977930,0.06460000,20.00000000
1282977957,0.06490000,19.00000000
1282977957,0.06490000,0.00000000
1282978078,0.06460000,0.00000000
1282978078,0.06460000,18.00000000
1282978092,0.06490000,0.00000000
1282978092,0.06490000,18.00000000
1282978107,0.06460000,19.00000000
1282978125,0.06490000,0.00000000
1282978125,0.06490000,19.00000000
1282978143,0.06460000,19.00000000
1282978143,0.06460000,0.00000000
1282978143,0.06460000,0.00000000
1282978165,0.06490000,0.00000000
1282978165,0.06490000,0.00000000
1282978165,0.06490000,18.00000000
1282978555,0.06460000,0.00000000
1282978555,0.06460000,0.00000000
1282978555,0.06460000,18.00000000
1282978576,0.06490000,2.00000000
1282978576,0.06490000,1.00000000
1282978576,0.06490000,15.00000000
1282978590,0.06460000,14.00000000
1282978590,0.06460000,1.00000000
1282978590,0.06460000,2.00000000
1282978605,0.06490000,3.00000000
1282978605,0.06490000,1.00000000
1282978605,0.06490000,12.00000000
1282978620,0.06460000,4.00000000
1282978620,0.06460000,1.00000000
1282978620,0.06460000,11.00000000
1282978633,0.06490000,7.00000000
1282978633,0.06490000,1.00000000
1282978633,0.06490000,6.00000000
1282978645,0.06460000,8.00000000
1282978645,0.06460000,1.00000000
1282978645,0.06460000,5.00000000
1282978682,0.06490000,12.00000000
1282978682,0.06490000,1.00000000
1282978682,0.06490000,1.00000000
1282978699,0.06460000,1.00000000
1282978699,0.06460000,13.00000000
1282978774,0.06490000,18.00000000
1282978774,0.06490000,0.00000000
1282978789,0.06460000,19.00000000
1282978806,0.06490000,0.00000000
1282978806,0.06490000,18.00000000
1282978853,0.06460000,0.00000000
1282978853,0.06460000,0.00000000
1282978853,0.06460000,17.00000000
1282978875,0.06490000,16.00000000
1282978875,0.06490000,0.00000000
1282978875,0.06490000,1.00000000
1282978884,0.06460000,19.00000000
1282978891,0.06490000,19.00000000
1282978898,0.06460000,0.00000000
1282978898,0.06460000,3.00000000
1282978898,0.06460000,14.00000000
1282978905,0.06490000,19.00000000
1282978937,0.06460000,0.00000000
1282978937,0.06460000,18.00000000
1282979044,0.06490000,2.00000000
1282979044,0.06490000,1.00000000
1282979044,0.06490000,14.00000000
1282979050,0.06460000,13.00000000
1282979050,0.06460000,1.00000000
1282979050,0.06460000,3.00000000
1282979057,0.06490000,18.00000000
1282979062,0.06460000,18.00000000
1282979066,0.06490000,18.00000000
1282979071,0.06460000,16.00000000
1282979071,0.06460000,1.00000000
1282979075,0.06490000,2.00000000
1282979075,0.06490000,1.00000000
1282979075,0.06490000,14.00000000
1282979078,0.06460000,5.00000000
1282979078,0.06460000,12.00000000
1282979083,0.06490000,10.00000000
1282979083,0.06490000,5.00000000
1282979083,0.06490000,2.00000000
1282979088,0.06460000,18.00000000
1282979094,0.06490000,18.00000000
1282979098,0.06460000,18.00000000
1282979109,0.06490000,2.00000000
1282979117,0.06460000,0.00000000
1282979117,0.06460000,1.00000000
1282979309,0.06490000,1.00000000
1282979314,0.06490000,1.00000000
1282979320,0.06490000,1.00000000
1282979323,0.06490000,1.00000000
1282979326,0.06490000,1.00000000
1282979328,0.06490000,1.00000000
1282979331,0.06490000,1.00000000
1282979333,0.06490000,1.00000000
1282979336,0.06490000,1.00000000
1282979338,0.06490000,1.00000000
1282979398,0.06460000,1.00000000
1282979402,0.06460000,0.00000000
1282979402,0.06460000,1.00000000
1282979402,0.06460000,0.00000000
1282979406,0.06460000,1.00000000
1282979406,0.06460000,0.00000000
1282979409,0.06460000,1.00000000
1282979409,0.06460000,0.00000000
1282979412,0.06460000,1.00000000
1282979415,0.06460000,0.00000000
1282979415,0.06460000,1.00000000
1282979415,0.06460000,0.00000000
1282979417,0.06460000,1.00000000
1282979420,0.06460000,1.00000000
1282979423,0.06460000,1.00000000
1282979427,0.06460000,1.00000000
1282982471,0.06490000,1.00000000
1282982471,0.06490000,289.00000000
1282982471,0.06490000,0.00000000
1282982471,0.06490000,1.00000000
1282982471,0.06490000,1.00000000
1282982471,0.06490000,1.00000000
1282982471,0.06490000,11.00000000
1282982471,0.06490000,0.00000000
1282982471,0.06490000,1.00000000
1282982471,0.06490000,0.00000000
1283003804,0.06490000,190.00000000
1283004028,0.06460000,2.00000000
1283004028,0.06460000,5.00000000
1283004028,0.06460000,92.00000000
1283023252,0.06480000,18.00000000
1283033331,0.06460000,197.00000000
1283033331,0.06410000,0.00000000
1283033331,0.06460000,11.00000000
1283033331,0.06460000,1.00000000
1283033331,0.06460000,1.00000000
1283033331,0.06460000,0.00000000
1283044801,0.06470000,295.00000000
1283053832,0.06460000,492.00000000
1283053839,0.06460000,992.00000000
1283053974,0.06460000,207.00000000
1283054937,0.06469900,313.00000000
1283054937,0.06470000,168.00000000
1283056723,0.06460000,313.00000000
1283060957,0.06410000,8.00000000
1283105833,0.06410000,18.00000000
1283105852,0.06480000,18.00000000
1283105863,0.06410000,14.00000000
1283105907,0.06480000,15.00000000
1283105926,0.06400000,11.00000000
1283106439,0.06400000,255.00000000
1283114510,0.06400000,50.00000000
1283130599,0.06460000,0.00000000
1283151649,0.06411000,0.00000000
1283151649,0.06400000,183.00000000
1283153338,0.06400000,100.00000000
1283164124,0.06400000,715.00000000
1283164124,0.06600000,1000.00000000
1283164124,0.06599900,1967.00000000
1283164124,0.06500000,40.00000000
1283164124,0.06500000,1000.00000000
1283164124,0.06490000,1.00000000
1283164124,0.06490000,0.00000000
1283164124,0.06460000,2966.00000000
1283164124,0.06460000,0.00000000
1283164124,0.06460000,312.00000000
1283164602,0.06650000,56.00000000
1283164602,0.06900000,1000.00000000
1283164602,0.06900000,50.00000000
1283164602,0.06900000,50.00000000
1283164602,0.06800000,1000.00000000
1283164602,0.06800000,164.00000000
1283164602,0.06800000,22.00000000
1283164602,0.06800000,100.00000000
1283164602,0.06800000,50.00000000
1283164602,0.06750000,30.00000000
1283164602,0.06680000,1000.00000000
1283164602,0.06690000,56.00000000
1283164602,0.06700000,1000.00000000
1283164602,0.06700000,400.00000000
1283164602,0.06700000,1.00000000
1283164602,0.06700000,200.00000000
1283164602,0.06710000,85.00000000
1283164750,0.05892400,24.00000000
1283164750,0.05892400,187.00000000
1283164750,0.05892400,330.00000000
1283164750,0.05892400,52.00000000
1283164750,0.05810000,40.00000000
1283164750,0.05800000,10.00000000
1283164750,0.05800000,100.00000000
1283164750,0.05892400,226.00000000
1283164750,0.05892400,86.00000000
1283164750,0.05892400,610.00000000
1283164750,0.05892400,68.00000000
1283164750,0.05892400,330.00000000
1283164750,0.05892400,339.00000000
1283164750,0.05892400,297.00000000
1283164750,0.05892400,289.00000000
1283164750,0.05900000,20.00000000
1283164750,0.05900000,10.00000000
1283164750,0.05800000,20.00000000
1283164750,0.05710000,40.00000000
1283164750,0.05700000,20.00000000
1283164750,0.05000000,10.00000000
1283164750,0.05000000,5.00000000
1283164750,0.05100000,10.00000000
1283164750,0.05200000,10.00000000
1283164750,0.05300000,10.00000000
1283164750,0.05390000,63.00000000
1283164750,0.05400000,10.00000000
1283164750,0.05400000,20.00000000
1283164750,0.05500000,13.00000000
1283164750,0.05500000,50.00000000
1283164750,0.05500000,20.00000000
1283164750,0.05500000,86.00000000
1283164750,0.05500000,10.00000000
1283164750,0.05600000,10.00000000
1283164750,0.05600000,20.00000000
1283164750,0.05700000,10.00000000
1283164750,0.05000000,20.00000000
1283164750,0.06550000,364.00000000
1283164750,0.06100000,200.00000000
1283164750,0.06100000,10.00000000
1283164750,0.06100000,40.00000000
1283164750,0.06100000,40.00000000
1283164750,0.06100000,2.00000000
1283164750,0.06150000,900.00000000
1283164750,0.06200000,100.00000000
1283164750,0.06200000,33.00000000
1283164750,0.06300000,66.00000000
1283164750,0.06300000,153.00000000
1283164750,0.06350000,500.00000000
1283164750,0.06410000,43.00000000
1283164750,0.06411000,315.00000000
1283164750,0.06450000,392.00000000
1283164750,0.06550000,35.00000000
1283164750,0.06550000,233.00000000
1283164750,0.06050100,1100.00000000
1283164750,0.06000000,1555.00000000
1283164750,0.06000000,20.00000000
1283164750,0.05978700,44.00000000
1283164750,0.05978700,4.00000000
1283164750,0.05978700,46.00000000
1283164750,0.05978700,191.00000000
1283164750,0.05978700,29.00000000
1283164750,0.05978700,105.00000000
1283164750,0.05978700,112.00000000
1283164750,0.05978700,33.00000000
1283164750,0.05978700,76.00000000
1283164750,0.05978700,27.00000000
1283164750,0.06000000,1.00000000
1283164750,0.06000000,300.00000000
1283164750,0.06000000,10.00000000
1283164750,0.06000000,100.00000000
1283164750,0.05978700,60.00000000
1283164750,0.05978700,71.00000000
1283164750,0.05978700,69.00000000
1283165142,0.06400000,113.00000000
1283165142,0.04000000,100.00000000
1283165142,0.04500000,209.00000000
1283165142,0.04600000,200.00000000
1283165142,0.04600000,10.00000000
1283165142,0.04700000,10.00000000
1283165142,0.04800000,10.00000000
1283165142,0.04900000,1600.00000000
1283165142,0.04900000,10.00000000
1283165238,0.05500000,0.00000000
1283165595,0.03211000,250.00000000
1283167818,0.03250000,1.00000000
1283167864,0.05000000,1.00000000
1283167901,0.06200000,1.00000000
1283167911,0.06300000,1.00000000
1283167923,0.06400000,1.00000000
1283168069,0.06460000,300.00000000
1283168069,0.06459000,250.00000000
1283171527,0.06411000,20.00000000
1283171590,0.06411000,20.00000000
1283172340,0.06411000,50.00000000
1283177575,0.06460000,55.00000000
1283177575,0.06460000,15.00000000
1283177575,0.06460000,20.00000000
1283177575,0.06460000,14.00000000
1283179496,0.06490000,53.00000000
1283179886,0.06411100,100.00000000
1283184596,0.06490000,2237.00000000
1283195321,0.06411000,304.00000000
1283195321,0.06411000,14.00000000
1283195321,0.06360000,457.00000000
1283195321,0.06350000,176.00000000
1283195321,0.06304000,400.00000000
1283195321,0.06300100,647.00000000
1283195517,0.06300100,1414.00000000
1283195517,0.06300000,85.00000000
1283198366,0.06300000,135.00000000
1283198366,0.06300000,264.00000000
1283198717,0.06300000,200.00000000
1283211525,0.06497000,11.00000000
1283215974,0.06411000,11.00000000
1283229879,0.06409000,93.00000000
1283234870,0.06400000,70.00000000
1283240145,0.06400000,48.00000000
1283273008,0.06310000,500.00000000
1283273382,0.06309000,300.00000000
1283280270,0.06379000,50.00000000
1283280270,0.06380000,380.00000000
1283280430,0.06400000,450.00000000
1283280460,0.06409000,295.00000000
1283281080,0.06432000,8.00000000
1283281080,0.06449000,100.00000000
1283281080,0.06450000,100.00000000
1283281080,0.06451000,140.00000000
1283281080,0.06452000,100.00000000
1283281080,0.06452900,0.00000000
1283281080,0.06452900,919.00000000
1283281080,0.06490000,176.00000000
1283282803,0.06440100,920.00000000
1283282803,0.06440000,79.00000000
1283282813,0.06440000,420.00000000
1283283031,0.06431000,1000.00000000
1283283063,0.06431000,90.00000000
1283283087,0.06310000,507.00000000
1283283135,0.06300000,500.00000000
1283283135,0.06300000,35.00000000
1283283135,0.06300000,464.00000000
1283283141,0.06300000,1000.00000000
1283283144,0.06300000,1000.00000000
1283283191,0.06300000,935.00000000
1283283507,0.06200000,30.00000000
1283283523,0.06100000,400.00000000
1283283560,0.06000000,22.00000000
1283283560,0.06000000,54.00000000
1283283560,0.06000000,204.00000000
1283283560,0.06000000,22.00000000
1283283687,0.06100000,20.00000000
1283283730,0.06100000,20.00000000
1283283761,0.06100000,16.00000000
1283284082,0.06100000,43.00000000
1283292600,0.06100000,56.00000000
1283296088,0.06000000,206.00000000
1283298453,0.06000000,3093.00000000
1283315230,0.06200000,10.00000000
1283319406,0.06190000,18.00000000
1283319474,0.06190000,120.00000000
1283319626,0.06190000,160.00000000
1283319671,0.06190000,1.00000000
1283319676,0.06190000,1.00000000
1283327810,0.06190000,2.00000000
1283327813,0.06010000,1.00000000
1283328400,0.06010000,1.00000000
1283328494,0.06010000,1.00000000
1283328615,0.06010000,1.00000000
1283328779,0.06010000,1.00000000
1283328789,0.06010000,1.00000000
1283329091,0.06010000,1.00000000
1283329102,0.06010000,1.00000000
1283329162,0.06010000,1.00000000
1283329175,0.06010000,1.00000000
1283329188,0.06010000,1.00000000
1283329202,0.06010000,1.00000000
1283330083,0.06190000,2.00000000
1283330150,0.06190000,2.00000000
1283330246,0.06190000,2.00000000
1283330247,0.06190000,2.00000000
1283330247,0.06190000,2.00000000
1283330818,0.06000000,1.00000000
1283330819,0.06190000,2.00000000
1283330831,0.06190000,2.00000000
1283330831,0.06190000,2.00000000
1283330832,0.06190000,2.00000000
1283330832,0.06190000,2.00000000
1283330832,0.06190000,2.00000000
1283330835,0.06000000,1.00000000
1283330835,0.06000000,1.00000000
1283330835,0.06000000,1.00000000
1283330835,0.06000000,1.00000000
1283330836,0.06000000,1.00000000
1283331336,0.06190000,2.00000000
1283331338,0.06000000,1.00000000
1283331339,0.06190000,2.00000000
1283331341,0.06000000,1.00000000
1283331342,0.06190000,2.00000000
1283331343,0.06000000,1.00000000
1283331345,0.06190000,2.00000000
1283331346,0.06000000,1.00000000
1283331347,0.06190000,2.00000000
1283331348,0.06000000,1.00000000
1283331437,0.06190000,2.00000000
1283331438,0.06190000,2.00000000
1283331439,0.06190000,2.00000000
1283331439,0.06190000,2.00000000
1283331440,0.06190000,2.00000000
1283331442,0.06000000,1.00000000
1283331443,0.06000000,1.00000000
1283331444,0.06000000,1.00000000
1283331445,0.06000000,1.00000000
1283331445,0.06000000,1.00000000
1283331484,0.06000000,1.00000000
1283331485,0.06190000,2.00000000
1283331486,0.06000000,1.00000000
1283331487,0.06190000,2.00000000
1283331488,0.06000000,1.00000000
1283331489,0.06190000,2.00000000
1283331490,0.06000000,1.00000000
1283331491,0.06190000,2.00000000
1283331491,0.06000000,1.00000000
1283331492,0.06190000,2.00000000
1283331541,0.06190000,2.00000000
1283331542,0.06190000,2.00000000
1283331543,0.06190000,2.00000000
1283331544,0.06190000,2.00000000
1283331545,0.06190000,2.00000000
1283331608,0.06000000,1.00000000
1283331609,0.06000000,1.00000000
1283331610,0.06000000,1.00000000
1283331611,0.06000000,1.00000000
1283331612,0.06000000,1.00000000
1283335285,0.06000000,140.00000000
1283336278,0.05961000,55.00000000
1283339762,0.06190000,380.00000000
1283346333,0.06095900,150.00000000
1283360117,0.05971000,315.00000000
1283360117,0.05971000,395.00000000
1283362769,0.05969000,10.00000000
1283363468,0.06090000,0.00000000
1283363701,0.06090000,1.00000000
1283366945,0.06090000,1288.00000000
1283366945,0.06090000,211.00000000
1283369371,0.06080000,150.00000000
1283370355,0.05980000,50.00000000
1283374568,0.06080000,50.00000000
1283374846,0.06080000,870.00000000
1283374846,0.06080000,100.00000000
1283374846,0.06080000,550.00000000
1283374846,0.06081000,50.00000000
1283374846,0.06090000,238.00000000
1283374846,0.06095900,692.00000000
1283374846,0.06200000,9.00000000
1283374846,0.06200000,488.00000000
1283383605,0.06140000,350.00000000
1283383728,0.06140000,20.00000000
1283384786,0.06140000,55.00000000
1283384848,0.06200000,11.00000000
1283384949,0.06290000,83.00000000
1283384959,0.06290000,0.00000000
1283404681,0.06100000,250.00000000
1283426922,0.06010000,400.00000000
1283430873,0.06099000,10.00000000
1283431015,0.06010000,2.00000000
1283440835,0.06090000,50.00000000
1283440835,0.06090000,100.00000000
1283456191,0.06090000,391.00000000
1283456191,0.06090000,0.00000000
1283456324,0.06099000,1608.00000000
1283461563,0.06099000,3419.00000000
1283462955,0.06100000,100.00000000
1283462955,0.06200000,100.00000000
1283462955,0.06200000,8.00000000
1283462955,0.06300000,100.00000000
1283462955,0.06300000,20.00000000
1283464835,0.06014400,500.00000000
1283470240,0.06200000,20.00000000
1283470253,0.06200000,180.00000000
1283470253,0.06300000,20.00000000
1283470253,0.06340000,328.00000000
1283470253,0.06340000,371.00000000
1283470282,0.06340000,100.00000000
1283470297,0.06340000,50.00000000
1283470316,0.06340000,20.00000000
1283470333,0.06340000,1.00000000
1283484661,0.06100000,5.00000000
1283486969,0.06300000,51.00000000
1283501076,0.06300000,25.00000000
1283501627,0.06150000,35.00000000
1283501642,0.06105000,715.00000000
1283505939,0.06300000,0.00000000
1283506145,0.06300000,0.00000000
1283506148,0.06300000,0.00000000
1283506151,0.06300000,0.00000000
1283506153,0.06300000,0.00000000
1283506156,0.06300000,0.00000000
1283506160,0.06300000,0.00000000
1283506162,0.06300000,0.00000000
1283506169,0.06300000,0.00000000
1283506172,0.06300000,0.00000000
1283506175,0.06300000,0.00000000
1283506178,0.06300000,0.00000000
1283506180,0.06300000,0.00000000
1283506183,0.06300000,0.00000000
1283506186,0.06300000,0.00000000
1283506190,0.06300000,0.00000000
1283506193,0.06300000,0.00000000
1283506196,0.06300000,0.00000000
1283506198,0.06300000,0.00000000
1283506200,0.06300000,0.00000000
1283511421,0.06085000,50.00000000
1283514547,0.06085000,10.00000000
1283601428,0.06125000,10.00000000
1283612680,0.06130000,803.00000000
1283613625,0.06130000,756.00000000
1283624296,0.06135000,290.00000000
1283624296,0.06130000,441.00000000
1283642757,0.06120000,1000.00000000
1283644181,0.06238000,0.00000000
1283644181,0.06238000,0.00000000
1283647159,0.06245000,290.00000000
1283657912,0.06100000,14.00000000
1283657973,0.06245000,12.00000000
1283657984,0.06100000,14.00000000
1283658014,0.06245000,15.00000000
1283658061,0.06100000,14.00000000
1283658078,0.06245000,13.00000000
1283658816,0.06100000,12.00000000
1283658895,0.06245000,12.00000000
1283658906,0.06100000,14.00000000
1283658946,0.06245000,10.00000000
1283658953,0.06100000,11.00000000
1283659064,0.06245000,11.00000000
1283659139,0.06100000,11.00000000
1283659177,0.06245000,12.00000000
1283659218,0.06100000,11.00000000
1283659280,0.06245000,12.00000000
1283659284,0.06100000,11.00000000
1283659287,0.06245000,12.00000000
1283659290,0.06100000,11.00000000
1283659293,0.06245000,12.00000000
1283659297,0.06100000,11.00000000
1283659303,0.06245000,12.00000000
1283659320,0.06100000,11.00000000
1283659322,0.06245000,11.00000000
1283663582,0.06100000,14.00000000
1283663608,0.06245000,14.00000000
1283664433,0.06290000,0.00000000
1283664546,0.06050000,1.00000000
1283664803,0.06290000,1.00000000
1283665968,0.06245000,9.00000000
1283691953,0.06245000,1040.00000000
1283691953,0.06250000,119.00000000
1283694430,0.06105000,450.00000000
1283694430,0.06100000,136.00000000
1283694445,0.06090000,100.00000000
1283694457,0.06080000,100.00000000
1283694468,0.06080000,13.00000000
1283703561,0.06090000,14.00000000
1283707852,0.06290000,4.00000000
1283708385,0.06245000,9.00000000
1283708385,0.06245000,0.00000000
1283712442,0.06241000,9.00000000
1283715343,0.06245000,500.00000000
1283715343,0.06250000,80.00000000
1283715367,0.06350000,103.00000000
1283715367,0.06349900,789.00000000
1283715367,0.06330000,1014.00000000
1283715367,0.06300000,1000.00000000
1283715367,0.06290000,50.00000000
1283715367,0.06260000,43.00000000
1283715393,0.06400000,96.00000000
1283715393,0.06400000,16.00000000
1283715393,0.06350000,86.00000000
1283715404,0.06400000,20.00000000
1283715408,0.06400000,20.00000000
1283715416,0.06400000,15.00000000
1283721244,0.06165000,1590.00000000
1283721244,0.06160000,44.00000000
1283721244,0.06160000,365.00000000
1283778386,0.06270000,20.00000000
1283779958,0.06170000,500.00000000
1283779968,0.06160000,290.00000000
1283794556,0.06160000,100.00000000
1283823887,0.06160000,49.00000000
1283860333,0.06160000,317.00000000
1283873666,0.06157000,190.00000000
1283873666,0.06090000,610.00000000
1283873666,0.06030000,521.00000000
1283875328,0.06159000,0.00000000
1283875752,0.06185000,401.00000000
1283875752,0.06185000,84.00000000
1283883636,0.06030000,14.00000000
1283894966,0.06200000,49.00000000
1283894966,0.06200000,0.00000000
1283894966,0.06200000,950.00000000
1283894979,0.06200000,49.00000000
1283894979,0.06200000,44.00000000
1283895995,0.06130000,43.00000000
1283900423,0.06200000,11.00000000
1283900758,0.06101000,11.00000000
1283900773,0.06200000,13.00000000
1283900784,0.06101000,13.00000000
1283900794,0.06200000,13.00000000
1283900798,0.06101000,13.00000000
1283900804,0.06200000,5.00000000
1283902231,0.06201000,7.00000000
1283902270,0.06101000,12.00000000
1283902270,0.06100000,1.00000000
1283902270,0.06100000,0.00000000
1283902270,0.06100000,29.00000000
1283916820,0.06100000,1040.00000000
1283916820,0.06100000,11.00000000
1283916820,0.06100000,13.00000000
1283916820,0.06100000,13.00000000
1283916820,0.06100000,5.00000000
1283925363,0.06100000,154.00000000
1283979852,0.06099000,50.00000000
1283979852,0.06100000,761.00000000
1283979856,0.06200000,45.00000000
1283979856,0.06200000,250.00000000
1284035369,0.06110000,100.00000000
1284041169,0.06110000,100.00000000
1284043037,0.06109000,45.00000000
1284053341,0.06109000,4.00000000
1284053363,0.06239000,50.00000000
1284053363,0.06240000,196.00000000
1284053363,0.06240000,754.00000000
1284053409,0.06240000,282.00000000
1284055181,0.06200000,11.00000000
1284055181,0.06200000,5.00000000
1284055181,0.06200000,1.00000000
1284055181,0.06200000,27.00000000
1284061297,0.06201000,31.00000000
1284061374,0.06120000,17.00000000
1284061374,0.06120000,1.00000000
1284061374,0.06120000,0.00000000
1284072103,0.06199000,1.00000000
1284072103,0.06200000,12.00000000
1284072103,0.06200000,2.00000000
1284072103,0.06200000,3.00000000
1284074052,0.06120000,7.00000000
1284074052,0.06120000,27.00000000
1284076776,0.06111000,50.00000000
1284077030,0.06100000,664.00000000
1284092355,0.06100000,115.00000000
1284092355,0.06050000,5.00000000
1284092355,0.06050000,6.00000000
1284092355,0.06030000,200.00000000
1284092355,0.06020000,50.00000000
1284092355,0.06013700,622.00000000
1284096511,0.06013700,327.00000000
1284096511,0.06013700,422.00000000
1284096981,0.06013700,100.00000000
1284133361,0.06013700,11.00000000
1284133458,0.06180000,12.00000000
1284133464,0.06180000,12.00000000
1284133470,0.06180000,120.00000000
1284133473,0.06180000,120.00000000
1284133476,0.06180000,120.00000000
1284133479,0.06180000,120.00000000
1284133487,0.06180000,400.00000000
1284133492,0.06180000,45.00000000
1284133492,0.06180000,0.00000000
1284133492,0.06180000,354.00000000
1284133501,0.06180000,400.00000000
1284133504,0.06180000,400.00000000
1284133507,0.06180000,310.00000000
1284198011,0.06190000,50.00000000
1284198348,0.06190000,102.00000000
1284199025,0.06190000,48.00000000
1284199025,0.06190000,330.00000000
1284199048,0.06200000,2.00000000
1284199048,0.06200000,97.00000000
1284199124,0.06200000,100.00000000
1284199131,0.06200000,100.00000000
1284199135,0.06200000,100.00000000
1284233217,0.06200000,44.00000000
1284238395,0.06200000,557.00000000
1284238569,0.06210000,11.00000000
1284238569,0.06210000,27.00000000
1284238569,0.06210000,5.00000000
1284239684,0.06290000,444.00000000
1284239691,0.06290000,1217.00000000
1284239696,0.06300000,100.00000000
1284239696,0.06300000,50.00000000
1284239696,0.06300000,1000.00000000
1284239724,0.06350000,50.00000000
1284239727,0.06400000,31.00000000
1284239727,0.06400000,448.00000000
1284239727,0.06400000,20.00000000
1284239729,0.06400000,500.00000000
1284239731,0.06400000,468.00000000
1284239735,0.06430000,5.00000000
1284239735,0.06430000,7.00000000
1284239738,0.06450000,25.00000000
1284239738,0.06450000,35.00000000
1284239738,0.06450000,50.00000000
1284239742,0.06499900,500.00000000
1284239745,0.06499900,500.00000000
1284239747,0.06499900,500.00000000
1284244207,0.06350000,200.00000000
1284245882,0.06366000,20.00000000
1284252787,0.06210000,47.00000000
1284252794,0.06200000,62.00000000
1284252803,0.06151000,100.00000000
1284252808,0.06151000,100.00000000
1284252821,0.06151000,134.00000000
1284252821,0.06150000,66.00000000
1284256273,0.06198000,47.00000000
1284256273,0.06199000,38.00000000
1284256281,0.06209000,52.00000000
1284256571,0.06210000,46.00000000
1284256887,0.06150000,100.00000000
1284338297,0.06199000,46.00000000
1284338297,0.06200000,3.00000000
1284347824,0.06151000,47.00000000
1284347824,0.06150000,152.00000000
1284378415,0.06150000,145.00000000
1284378438,0.06100000,300.00000000
1284378457,0.06070000,104.00000000
1284381547,0.06080000,350.00000000
1284384088,0.06199000,47.00000000
1284384088,0.06200000,146.00000000
1284388901,0.06201000,156.00000000
1284402793,0.06198000,200.00000000
1284402793,0.06400000,50.00000000
1284402793,0.06400000,1000.00000000
1284402793,0.06400000,20.00000000
1284402793,0.06366000,916.00000000
1284402793,0.06350000,2000.00000000
1284402793,0.06350000,104.00000000
1284402793,0.06300000,300.00000000
1284402793,0.06300000,20.00000000
1284402793,0.06300000,1000.00000000
1284402793,0.06199000,177.00000000
1284402793,0.06205000,663.00000000
1284402793,0.06209000,53.00000000
1284402793,0.06250000,350.00000000
1284402793,0.06280000,600.00000000
1284402793,0.06290000,50.00000000
1284403367,0.06400000,25.00000000
1284405161,0.06101000,50.00000000
1284408012,0.06096000,100.00000000
1284408024,0.06096000,25.00000000
1284408024,0.06096000,49.00000000
1284408045,0.06080500,200.00000000
1284408507,0.06080500,50.00000000
1284413840,0.06289000,20.00000000
1284417567,0.06221000,20.00000000
1284417567,0.06220000,79.00000000
1284417588,0.06220000,20.00000000
1284417600,0.06200000,100.00000000
1284420022,0.06218000,250.00000000
1284420022,0.06219000,79.00000000
1284426131,0.06200000,8.00000000
1284427354,0.06101000,255.00000000
1284427354,0.06100000,244.00000000
1284430213,0.06250000,42.00000000
1284439658,0.06200000,10.00000000
1284439983,0.06210000,10.00000000
1284440048,0.06210000,10.00000000
1284440401,0.06260000,40.00000000
1284442236,0.06210000,10.00000000
1284442580,0.06210000,10.00000000
1284442931,0.06210000,10.00000000
1284443413,0.06210000,10.00000000
1284445907,0.06210000,10.00000000
1284446093,0.06210000,10.00000000
1284446522,0.06210000,10.00000000
1284446555,0.06210000,10.00000000
1284455088,0.06210000,10.00000000
1284455162,0.06210000,9.00000000
1284455212,0.06210000,0.00000000
1284455217,0.06210000,10.00000000
1284455352,0.06210000,10.00000000
1284455548,0.06210000,10.00000000
1284455734,0.06210000,9.00000000
1284457420,0.06210000,0.00000000
1284457450,0.06110000,646.00000000
1284457450,0.06110000,203.00000000
1284457450,0.06120000,50.00000000
1284457450,0.06120000,90.00000000
1284457450,0.06210000,9.00000000
1284471081,0.06120000,400.00000000
1284471103,0.06120000,100.00000000
1284479521,0.06140000,50.00000000
1284479579,0.06190000,500.00000000
1284479583,0.06190000,500.00000000
1284479585,0.06190000,500.00000000
1284479592,0.06190000,500.00000000
1284481947,0.06200000,500.00000000
1284481947,0.06375000,50.00000000
1284481947,0.06400000,100.00000000
1284481947,0.06400000,1000.00000000
1284481947,0.06400000,100.00000000
1284481947,0.06400000,20.00000000
1284481947,0.06400000,244.00000000
1284481947,0.06400000,50.00000000
1284481947,0.06410000,0.00000000
1284481947,0.06360000,2100.00000000
1284481947,0.06300000,50.00000000
1284481947,0.06300000,974.00000000
1284481947,0.06200000,100.00000000
1284481947,0.06259000,255.00000000
1284481947,0.06260000,69.00000000
1284481947,0.06270000,6.00000000
1284481947,0.06280000,150.00000000
1284481947,0.06299000,340.00000000
1284481947,0.06300000,200.00000000
1284481947,0.06300000,500.00000000
1284486955,0.06400000,10.00000000
1284486968,0.06121100,10.00000000
1284487467,0.06400000,48.00000000
1284487781,0.06123000,48.00000000
1284487811,0.06399000,46.00000000
1284487823,0.06123000,46.00000000
1284487846,0.06399000,2.00000000
1284487846,0.06399000,42.00000000
1284487866,0.06123000,44.00000000
1284487894,0.06399000,38.00000000
1284487894,0.06399000,4.00000000
1284487917,0.06123000,42.00000000
1284487939,0.06399000,40.00000000
1284488058,0.06123000,40.00000000
1284488084,0.06399000,30.00000000
1284488084,0.06399000,7.00000000
1284488107,0.06123000,38.00000000
1284488107,0.06121100,0.00000000
1284488169,0.06399000,23.00000000
1284488216,0.06121100,23.00000000
1284488262,0.06400000,8.00000000
1284488262,0.06399000,24.00000000
1284488277,0.07000000,0.00000000
1284488453,0.06121200,33.00000000
1284488535,0.06398000,31.00000000
1284488593,0.06121200,31.00000000
1284488656,0.06398000,21.00000000
1284488794,0.06121200,21.00000000
1284488856,0.06398000,4.00000000
1284488904,0.06398000,28.00000000
1284488948,0.06399000,0.00000000
1284488975,0.06121200,32.00000000
1284489042,0.06370000,19.00000000
1284489064,0.06200000,19.00000000
1284489139,0.06369000,30.00000000
1284489157,0.06201000,30.00000000
1284489176,0.06369000,19.00000000
1284489430,0.06201000,19.00000000
1284489452,0.06369000,10.00000000
1284489461,0.06369000,10.00000000
1284489472,0.06201000,20.00000000
1284489503,0.06300000,18.00000000
1284489530,0.10000000,0.00000000
1284490053,0.06201000,18.00000000
1284490107,0.06299000,12.00000000
1284490159,0.06299000,9.00000000
1284490423,0.06299000,50.00000000
1284490434,0.10600000,0.00000000
1284490478,0.06201000,22.00000000
1284490511,0.06299000,16.00000000
1284490513,0.06299000,10.00000000
1284490532,0.10600000,0.00000000
1284490546,0.06201000,17.00000000
1284490584,0.06299000,16.00000000
1284490616,0.11000000,0.00000000
1284490754,0.06201000,16.00000000
1284490784,0.06299000,14.00000000
1284491010,0.12000000,0.00000000
1284491282,0.06201000,14.00000000
1284491330,0.06289000,9.00000000
1284491740,0.17500000,0.00000000
1284492485,0.06269000,17.00000000
1284493823,0.06201000,200.00000000
1284496012,0.06269000,103.00000000
1284499042,0.06269000,20.00000000
1284500347,0.06202000,269.00000000
1284500347,0.06200000,630.00000000
1284500399,0.06200000,350.00000000
1284505200,0.06199000,49.00000000
1284523484,0.06250000,10.00000000
1284523623,0.06250000,10.00000000
1284545255,0.06201000,1.00000000
1284545255,0.06100000,150.00000000
1284545255,0.06110000,1281.00000000
1284545255,0.06140000,670.00000000
1284545255,0.06141000,314.00000000
1284545255,0.06150000,104.00000000
1284545255,0.06190000,100.00000000
1284551708,0.06100000,349.00000000
1284551708,0.06100000,100.00000000
1284551748,0.06090000,41.00000000
1284551748,0.06090000,58.00000000
1284551789,0.06090000,100.00000000
1284551810,0.06099000,50.00000000
1284573992,0.06050000,156.00000000
1284574011,0.06040000,53.00000000
1284590445,0.06040000,9.00000000
1284590445,0.06040000,90.00000000
1284606249,0.06180000,184.00000000
1284606249,0.06190000,546.00000000
1284691262,0.06089000,150.00000000
1284704472,0.06090000,1592.00000000
1284709615,0.06040000,300.00000000
1284724975,0.06089000,100.00000000
1284724975,0.06090000,320.00000000
1284724986,0.06090000,420.00000000
1284725083,0.06090000,122.00000000
1284731297,0.06090000,358.00000000
1284744114,0.06040000,145.00000000
1284744148,0.06040000,376.00000000
1284744148,0.06028000,145.00000000
1284744148,0.06013700,122.00000000
1284754744,0.06013700,400.00000000
1284756417,0.06013700,1000.00000000
1284756726,0.06013700,400.00000000
1284761088,0.06013700,115.00000000
1284761088,0.06010000,100.00000000
1284761088,0.06010000,84.00000000
1284763354,0.06010000,9.00000000
1284763354,0.05900100,105.00000000
1284763354,0.05937600,147.00000000
1284763354,0.05970000,25.00000000
1284763354,0.06000000,150.00000000
1284763354,0.06000000,50.00000000
1284763354,0.06000000,500.00000000
1284763354,0.06000000,20.00000000
1284777435,0.05900000,1.00000000
1284777435,0.05900000,0.00000000
1284777435,0.05900000,17.00000000
1284777435,0.05900000,961.00000000
1284778174,0.06000000,1000.00000000
1284793658,0.06083000,150.00000000
1284793658,0.06084000,1000.00000000
1284793658,0.06090000,420.00000000
1284794175,0.05900000,38.00000000
1284794270,0.05848500,150.00000000
1284794270,0.05810000,69.00000000
1284794270,0.05800000,1.00000000
1284794270,0.05800000,100.00000000
1284794290,0.05760800,77.00000000
1284794290,0.05760800,63.00000000
1284801568,0.05990000,100.00000000
1284830315,0.06090000,22.00000000
1284834143,0.06091000,19.00000000
1284838402,0.06091000,1000.00000000
1284838884,0.06091000,150.00000000
1284839013,0.06100000,200.00000000
1284847307,0.06091000,550.00000000
1284853534,0.06100000,1000.00000000
1284855095,0.06091000,1000.00000000
1284862408,0.06091000,442.00000000
1284886004,0.06089000,58.00000000
1284886217,0.06100000,849.00000000
1284886217,0.06110000,300.00000000
1284886217,0.06169900,18.00000000
1284886217,0.06180000,0.00000000
1284886217,0.06180000,319.00000000
1284900106,0.06180000,229.00000000
1284900182,0.06198000,830.00000000
1284901159,0.06199000,500.00000000
1284902974,0.06199000,499.00000000
1284902974,0.06200000,100.00000000
1284902974,0.06200000,999.00000000
1284905072,0.06100000,100.00000000
1284905674,0.06000000,10.00000000
1284910573,0.06200000,0.00000000
1284910573,0.06250000,2500.00000000
1284910573,0.06259900,0.00000000
1284924947,0.06249900,269.00000000
1284924947,0.06250000,1000.00000000
1284929793,0.06259000,150.00000000
1284929793,0.06260000,359.00000000
1284931515,0.06241000,888.00000000
1284934197,0.06269000,30.00000000
1284934197,0.06269000,999.00000000
1284934197,0.06270000,0.00000000
1284940158,0.06270000,400.00000000
1284955077,0.06210000,150.00000000
1284955114,0.06200000,450.00000000
1284956182,0.06200000,5000.00000000
1284956225,0.06200000,550.00000000
1284958512,0.06200000,500.00000000
1284965632,0.06200000,800.00000000
1284975766,0.06259000,50.00000000
1284988021,0.06200000,350.00000000
1284988720,0.06259000,58.00000000
1284988720,0.06259000,50.00000000
1284988720,0.06260000,1000.00000000
1284993588,0.06269000,150.00000000
1284993588,0.06270000,50.00000000
1284995029,0.06300000,1000.00000000
1284995029,0.06300000,150.00000000
1284995029,0.06300000,500.00000000
1284995029,0.06300000,50.00000000
1284995029,0.06300000,20.00000000
1284995029,0.06300000,100.00000000
1284998597,0.06330000,150.00000000
1284998674,0.06340000,650.00000000
1285009594,0.06230000,661.00000000
1285009594,0.06200000,1315.00000000
1285009594,0.06201000,100.00000000
1285009594,0.06220100,0.00000000
1285009594,0.06220100,29.00000000
1285009594,0.06220100,29.00000000
1285009594,0.06220100,211.00000000
1285009594,0.06220100,0.00000000
1285009594,0.06220100,0.00000000
1285009594,0.06230000,153.00000000
1285020170,0.06320000,19.00000000
1285021887,0.06210000,10.00000000
1285029552,0.06309000,50.00000000
1285029552,0.06310000,950.00000000
1285029596,0.06310000,28.00000000
1285029596,0.06310000,153.00000000
1285034247,0.06330000,302.00000000
1285045253,0.06230000,800.00000000
1285045255,0.06230000,200.00000000
1285045255,0.06230000,600.00000000
1285049358,0.06317000,50.00000000
1285049358,0.06318000,950.00000000
1285049473,0.06318000,10.00000000
1285049502,0.06318000,40.00000000
1285062731,0.06309000,10.00000000
1285076342,0.06309000,90.00000000
1285076342,0.06310000,73.00000000
1285093970,0.06240000,100.00000000
1285095543,0.06280000,10.00000000
1285106165,0.06250000,50.00000000
1285106170,0.06240000,500.00000000
1285106217,0.06240000,413.00000000
1285106217,0.06240000,87.00000000
1285106231,0.06240000,238.00000000
1285108627,0.06269000,10.00000000
1285110086,0.06265000,20.00000000
1285147574,0.06240000,10.00000000
1285147574,0.06231000,50.00000000
1285147574,0.06230000,1940.00000000
1285150276,0.06231000,20.00000000
1285150276,0.06230000,122.00000000
1285150276,0.06220000,858.00000000
1285163515,0.06230000,75.00000000
1285163515,0.06220000,1115.00000000
1285170203,0.06220000,372.00000000
1285170322,0.06200000,628.00000000
1285180806,0.06210000,100.00000000
1285182672,0.06219000,50.00000000
1285182672,0.06220000,0.00000000
1285191520,0.06211000,50.00000000
1285191520,0.06210000,50.00000000
1285191520,0.06200000,2864.00000000
1285191520,0.06200000,36.00000000
1285191602,0.06200000,164.00000000
1285191602,0.06200000,50.00000000
1285191749,0.06150000,10.00000000
1285191865,0.06150000,690.00000000
1285195179,0.06147000,100.00000000
1285195179,0.06148000,50.00000000
1285195179,0.06149000,310.00000000
1285195502,0.06199000,50.00000000
1285195502,0.06200000,550.00000000
1285195510,0.06200000,600.00000000
1285195513,0.06200000,600.00000000
1285195516,0.06200000,36.00000000
1285195765,0.06220000,10.00000000
1285202704,0.06210000,10.00000000
1285209499,0.06210000,79.00000000
1285209499,0.06219000,50.00000000
1285209499,0.06269000,1013.00000000
1285209499,0.06269000,100.00000000
1285209499,0.06270000,0.00000000
1285209546,0.06270000,1850.00000000
1285209705,0.06270000,41.00000000
1285212701,0.06264400,900.00000000
1285212701,0.06264400,40.00000000
1285215909,0.06161000,50.00000000
1285215909,0.06160000,80.00000000
1285230808,0.06161000,50.00000000
1285230808,0.06160000,649.00000000
1285234616,0.06161000,50.00000000
1285234616,0.06160000,301.00000000
1285234616,0.06160000,10.00000000
1285234616,0.06160000,100.00000000
1285234616,0.06150000,38.00000000
1285243076,0.06249000,16.00000000
1285247924,0.06249000,1031.00000000
1285247924,0.06249000,34.00000000
1285247924,0.06249000,150.00000000
1285247924,0.06250000,100.00000000
1285248003,0.06263400,50.00000000
1285248003,0.06264400,58.00000000
1285248003,0.06269900,91.00000000
1285248025,0.06269900,17.00000000
1285249298,0.06268900,50.00000000
1285249298,0.06300000,397.00000000
1285249298,0.06290000,220.00000000
1285249298,0.06279000,270.00000000
1285249298,0.06270000,208.00000000
1285249298,0.06269900,831.00000000
1285251414,0.06261000,10.00000000
1285251467,0.06300000,12.00000000
1285255384,0.06261000,40.00000000
1285255392,0.06240000,460.00000000
1285256496,0.06289000,10.00000000
1285256496,0.06290000,460.00000000
1285256496,0.06290000,2530.00000000
1285262078,0.06241000,50.00000000
1285262078,0.06240000,392.00000000
1285268548,0.06243200,100.00000000
1285268548,0.06243100,490.00000000
1285269456,0.06272000,100.00000000
1285269456,0.06273000,400.00000000
1285271045,0.06281000,100.00000000
1285272428,0.06261000,100.00000000
1285272428,0.06260000,653.00000000
1285272428,0.06260000,100.00000000
1285275137,0.06182000,10.00000000
1285275137,0.06181000,390.00000000
1285275626,0.06181000,0.00000000
1285281293,0.06181000,146.00000000
1285281382,0.06231000,10.00000000
1285319559,0.06209000,10.00000000
1285334126,0.06232000,185.00000000
1285334177,0.06240000,200.00000000
1285334187,0.06240000,100.00000000
1285334202,0.06240000,49.00000000
1285358503,0.06216000,50.00000000
1285362260,0.06220000,50.00000000
1285362265,0.06220000,40.00000000
1285395594,0.06222000,10.00000000
1285395594,0.06221000,10.00000000
1285395693,0.06199100,10.00000000
1285396254,0.06197100,10.00000000
1285401039,0.06232000,100.00000000
1285401086,0.06240000,100.00000000
1285418190,0.06181000,10.00000000
1285418190,0.06180000,200.00000000
1285418190,0.06180000,73.00000000
1285418198,0.06170000,654.00000000
1285418198,0.06170000,228.00000000
1285418198,0.06170100,30.00000000
1285418198,0.06170100,40.00000000
1285418198,0.06171000,270.00000000
1285418198,0.06175000,194.00000000
1285444159,0.06187000,100.00000000
1285458964,0.06201900,112.00000000
1285470353,0.06203800,10.00000000
1285523984,0.06186000,100.00000000
1285524024,0.06199000,66.00000000
1285524024,0.06200000,100.00000000
1285524062,0.06227900,10.00000000
1285524073,0.06227900,13.00000000
1285524077,0.06227900,10.00000000
1285524082,0.06227900,100.00000000
1285524084,0.06227900,100.00000000
1285524086,0.06227900,100.00000000
1285524087,0.06227900,100.00000000
1285524095,0.06227900,70.00000000
1285527858,0.06215000,33.00000000
1285527858,0.06220000,900.00000000
1285527858,0.06220000,66.00000000
1285527891,0.06220000,228.00000000
1285527891,0.06220000,50.00000000
1285538149,0.06219500,1038.00000000
1285538149,0.06219500,50.00000000
1285538149,0.06200000,850.00000000
1285538149,0.06200000,53.00000000
1285538149,0.06200000,8009.00000000
1285568162,0.06205000,239.00000000
1285568162,0.06200000,1991.00000000
1285576342,0.06195000,10.00000000
1285584529,0.06190000,100.00000000
1285584534,0.06190000,31.00000000
1285584534,0.06200000,68.00000000
1285584542,0.06200000,100.00000000
1285585246,0.06197000,65.00000000
1285585246,0.06200000,34.00000000
1285587821,0.06196000,10.00000000
1285587891,0.06196000,22.00000000
1285587891,0.06200000,10.00000000
1285597620,0.06198000,16.00000000
1285597620,0.06220600,50.00000000
1285597620,0.06220600,1038.00000000
1285597620,0.06220000,200.00000000
1285597620,0.06213000,100.00000000
1285597620,0.06200000,500.00000000
1285597620,0.06200000,56.00000000
1285616917,0.06227500,10.00000000
1285616936,0.06227500,10.00000000
1285616941,0.06227500,10.00000000
1285616946,0.06227500,10.00000000
1285616949,0.06227500,10.00000000
1285616951,0.06227500,10.00000000
1285616953,0.06227500,10.00000000
1285616955,0.06227500,10.00000000
1285616957,0.06227500,10.00000000
1285616958,0.06227500,10.00000000
1285616960,0.06227500,10.00000000
1285616961,0.06227500,10.00000000
1285616963,0.06227500,10.00000000
1285616964,0.06227500,10.00000000
1285616966,0.06227500,10.00000000
1285616967,0.06227500,10.00000000
1285616968,0.06227500,10.00000000
1285616969,0.06227500,10.00000000
1285621965,0.06224000,10.00000000
1285621965,0.06227000,10.00000000
1285621965,0.06227500,10.00000000
1285621965,0.06227900,270.00000000
1285621965,0.06227900,853.00000000
1285621965,0.06227900,3476.00000000
1285625220,0.06222600,100.00000000
1285627780,0.06220500,111.00000000
1285627780,0.06219600,1038.00000000
1285627780,0.06219500,50.00000000
1285637711,0.06196000,10.00000000
1285641803,0.06199000,100.00000000
1285645663,0.06183000,10.00000000
1285645684,0.06183000,10.00000000
1285645702,0.06183000,91.00000000
1285645702,0.06180000,189.00000000
1285646971,0.06184000,55.00000000
1285646971,0.06180000,312.00000000
1285646982,0.06171000,10.00000000
1285646982,0.06170100,860.00000000
1285646982,0.06170000,462.00000000
1285648902,0.06196000,100.00000000
1285652752,0.06200000,150.00000000
1285652925,0.06271000,0.00000000
1285655230,0.06171000,10.00000000
1285657243,0.06178000,49.00000000
1285665640,0.06190000,50.00000000
1285698363,0.06196000,50.00000000
1285698363,0.06200000,50.00000000
1285698363,0.06210000,200.00000000
1285698363,0.06219000,860.00000000
1285698363,0.06219000,840.00000000
1285700734,0.06211000,150.00000000
1285703224,0.06211100,73.00000000
1285703399,0.06191100,87.00000000
1285704864,0.06196000,100.00000000
1285707706,0.06196000,68.00000000
1285707706,0.06200000,1000.00000000
1285707706,0.06200000,100.00000000
1285713496,0.06192100,13.00000000
1285713496,0.06191100,13.00000000
1285713496,0.06191000,860.00000000
1285713496,0.06190000,114.00000000
1285713551,0.06190000,36.00000000
1285721344,0.06200000,10.00000000
1285732900,0.06200000,90.00000000
1285747350,0.06195900,40.00000000
1285747350,0.06200000,59.00000000
1285747355,0.06200000,100.00000000
1285747359,0.06200000,100.00000000
1285747362,0.06200000,100.00000000
1285750685,0.06194200,20.00000000
1285750685,0.06194800,50.00000000
1285750685,0.06194900,50.00000000
1285750685,0.06195000,479.00000000
1285750729,0.06195000,80.00000000
1285752154,0.06192000,49.00000000
1285753836,0.06191000,220.00000000
1285753836,0.06190000,969.00000000
1285753836,0.06190000,49.00000000
1285753836,0.06190000,50.00000000
1285753890,0.06170000,1661.00000000
1285753890,0.06170000,50.00000000
1285754478,0.06188000,34.00000000
1285754478,0.06191100,65.00000000
1285754492,0.06191100,100.00000000
1285754661,0.06191100,874.00000000
1285761335,0.06190000,127.00000000
1285762280,0.06196900,10.00000000
1285762479,0.06193100,191.00000000
1285763524,0.06184000,900.00000000
1285766666,0.06188000,100.00000000
1285768565,0.06180000,24.00000000
1285768565,0.06180000,500.00000000
1285772452,0.06173000,146.00000000
1285772452,0.06170000,263.00000000
1285775537,0.06169000,1000.00000000
1285775567,0.06169000,690.00000000
1285777531,0.06172000,182.00000000
1285777531,0.06179000,17.00000000
1285779027,0.06172000,164.00000000
1285779027,0.06171000,400.00000000
1285779027,0.06169000,9.00000000
1285779567,0.06168000,173.00000000
1285779567,0.06169000,401.00000000
1285780679,0.06165000,86.00000000
1285780679,0.06169000,713.00000000
1285781035,0.06168000,7.00000000
1285781122,0.06167000,10.00000000
1285781122,0.06160000,10.00000000
1285781158,0.06151000,4.00000000
1285781158,0.06151000,166.00000000
1285781197,0.06151000,6.00000000
1285781197,0.06150000,100.00000000
1285782269,0.06164000,36.00000000
1285782269,0.06169000,23.00000000
1285782292,0.06169000,1000.00000000
1285789754,0.06165000,26.00000000
1285789754,0.06169000,2287.00000000
1285789754,0.06179000,2458.00000000
1285789754,0.06190000,4808.00000000
1285790138,0.06192000,241.00000000
1285794768,0.06175000,100.00000000
1285794768,0.06180000,100.00000000
1285799738,0.06178000,131.00000000
1285804427,0.06183100,65.00000000
1285804427,0.06191100,484.00000000
1285809341,0.06174100,32.00000000
1285809915,0.06188000,16.00000000
1285809915,0.06190000,3.00000000
1285836639,0.06190000,0.00000000
1285844021,0.06190000,561.00000000
1285855748,0.06170000,102.00000000
1285866838,0.06163000,102.00000000
1285866838,0.06161000,102.00000000
1285866838,0.06160000,850.00000000
1285866838,0.06160000,1000.00000000
1285869601,0.06155000,110.00000000
1285869601,0.06159000,889.00000000
1285872102,0.06158000,55.00000000
1285872102,0.06159000,714.00000000
1285872170,0.06159000,5.00000000
1285874416,0.06156000,27.00000000
1285874416,0.06159000,335.00000000
1285875590,0.06166000,13.00000000
1285875590,0.06169000,986.00000000
1285877474,0.06169000,300.00000000
1285878179,0.06169000,100.00000000
1285878971,0.06169000,10.00000000
1285880235,0.06169000,53.00000000
1285882489,0.06169000,1448.00000000
1285886554,0.06190000,10.00000000
1285886992,0.06190000,36.00000000
1285886992,0.06190100,50.00000000
1285901773,0.06189000,0.00000000
1285901773,0.06189000,24.00000000
1285902557,0.06189000,10.00000000
1285909030,0.06189000,50.00000000
1285909055,0.06189000,10.00000000
1285929585,0.06199900,100.00000000
1285930364,0.06199900,10.00000000
1285936037,0.06199000,51.00000000
1285939461,0.06188900,32.00000000
1285939505,0.06198900,16.00000000
1285939505,0.06199900,83.00000000
1285939535,0.06199900,100.00000000
1285941342,0.06198000,67.00000000
1285953105,0.06191900,41.00000000
1285953105,0.06199900,657.00000000
1285953105,0.06199900,350.00000000
1285953118,0.06199900,40.00000000
1285968035,0.06199900,50.00000000
1285968981,0.06196900,20.00000000
1285978229,0.06188000,10.00000000
1285979928,0.06189000,100.00000000
1285992567,0.06187000,29.00000000
1285992582,0.06171000,51.00000000
1285992582,0.06150000,100.00000000
1285992582,0.06150000,100.00000000
1285992582,0.06148900,719.00000000
1286001986,0.06180900,255.00000000
1286002564,0.06148900,255.00000000
1286002564,0.06148900,4321.00000000
1286004344,0.06135000,133.00000000
1286004344,0.06140000,46.00000000
1286004526,0.06191000,2.00000000
1286004534,0.06140000,10.00000000
1286004825,0.06139000,20.00000000
1286004836,0.06139000,10.00000000
1286008182,0.06128000,36.00000000
1286008194,0.06140000,10.00000000
1286008205,0.06139000,33.00000000
1286008205,0.06140000,266.00000000
1286008812,0.06138000,16.00000000
1286008812,0.06140000,2983.00000000
1286008844,0.06140000,162.00000000
1286026558,0.06140000,10.00000000
1286031146,0.06140000,1000.00000000
1286031154,0.06140000,1000.00000000
1286032567,0.06125000,112.00000000
1286032654,0.06140000,100.00000000
1286032851,0.06139000,21.00000000
1286037135,0.06125000,10.00000000
1286037195,0.06125000,32.00000000
1286037239,0.06140000,100.00000000
1286037478,0.06139000,32.00000000
1286037478,0.06140000,467.00000000
1286043010,0.06129000,16.00000000
1286055262,0.06140000,78.00000000
1286057123,0.06140000,355.00000000
1286060862,0.06140000,50.00000000
1286076913,0.06139000,10.00000000
1286076913,0.06140000,90.00000000
1286076965,0.06140000,100.00000000
1286077017,0.06140000,10.00000000
1286077022,0.06140000,100.00000000
1286077049,0.06140000,100.00000000
1286077053,0.06140000,100.00000000
1286077095,0.06140000,900.00000000
1286077111,0.06140000,70.00000000
1286085835,0.06140000,10.00000000
1286086405,0.06140000,300.00000000
1286100017,0.06123000,50.00000000
1286109616,0.06135000,33.00000000
1286109616,0.06140000,166.00000000
1286115104,0.06140000,3100.00000000
1286116071,0.06131000,9.00000000
1286116937,0.06129000,1.00000000
1286116960,0.06140000,10.00000000
1286117810,0.06137000,16.00000000
1286117810,0.06140000,83.00000000
1286117831,0.06140000,20.00000000
1286128144,0.06132000,18.00000000
1286128144,0.06131000,18.00000000
1286128185,0.06121000,100.00000000
1286128199,0.06112000,131.00000000
1286128199,0.06110000,556.00000000
1286128248,0.06101000,147.00000000
1286128960,0.06106000,17.00000000
1286128960,0.06109000,147.00000000
1286132159,0.06116000,82.00000000
1286132159,0.06119000,602.00000000
1286145555,0.06111000,1.00000000
1286145562,0.06100000,20.00000000
1286145562,0.06100000,28.00000000
1286146620,0.06111000,20.00000000
1286158606,0.06113000,31.00000000
1286158606,0.06119000,231.00000000
1286158606,0.06129000,934.00000000
1286158606,0.06130000,1639.00000000
1286158606,0.06140000,5144.00000000
1286158646,0.06140000,82.00000000
1286158783,0.06140000,387.00000000
1286158795,0.06140000,0.00000000
1286177573,0.06131000,10.00000000
1286179183,0.06124000,289.00000000
1286179183,0.06110000,711.00000000
1286180279,0.06114000,149.00000000
1286180279,0.06110000,937.00000000
1286180279,0.06101000,375.00000000
1286191576,0.06128000,229.00000000
1286191576,0.06130000,731.00000000
1286192132,0.06128000,114.00000000
1286192132,0.06130000,885.00000000
1286192171,0.06130000,31.00000000
1286192223,0.06140000,1000.00000000
1286192230,0.06140000,371.00000000
1286192258,0.06150000,10.00000000
1286192276,0.06180000,78.00000000
1286192295,0.06190000,992.00000000
1286192295,0.06189000,7.00000000
1286192337,0.06190000,7.00000000
1286192343,0.06199900,975.00000000
1286192343,0.06200000,25.00000000
1286192389,0.06200000,222.00000000
1286193762,0.06191000,0.00000000
1286196991,0.06118000,247.00000000
1286196991,0.06110000,1653.00000000
1286196991,0.06101100,990.00000000
1286196991,0.06101000,407.00000000
1286196991,0.06100000,741.00000000
1286196991,0.06100000,1570.00000000
1286196991,0.06100000,100.00000000
1286197049,0.06100000,40.00000000
1286200691,0.06088000,20.00000000
1286201939,0.06084000,161.00000000
1286223220,0.06110000,214.00000000
1286223238,0.06090100,3966.00000000
1286223238,0.06081000,5034.00000000
1286227843,0.06124000,197.00000000
1286229409,0.06131000,2.00000000
1286231083,0.06125000,98.00000000
1286231083,0.06130000,401.00000000
1286234063,0.06120000,49.00000000
1286234100,0.06130000,55.00000000
1286234107,0.06129000,0.00000000
1286236569,0.06129000,24.00000000
1286236569,0.06130000,1416.00000000
1286238929,0.06132000,12.00000000
1286238929,0.06140000,1551.00000000
1286253268,0.06116000,100.00000000
1286253289,0.06100000,100.00000000
1286253418,0.06139000,10.00000000
1286253427,0.06139000,10.00000000
1286253436,0.06139000,17.00000000
1286256515,0.06129000,19.00000000
1286256515,0.06200000,168.00000000
1286256515,0.06200000,20.00000000
1286256515,0.06200000,320.00000000
1286256515,0.06200000,700.00000000
1286256515,0.06200000,200.00000000
1286256515,0.06200000,990.00000000
1286256515,0.06180000,90.00000000
1286256515,0.06179000,10.00000000
1286256515,0.06140000,561.00000000
1286256515,0.06140000,2887.00000000
1286256515,0.06140000,33.00000000
1286256541,0.06200000,280.00000000
1286256563,0.06200000,15.00000000
1286256786,0.06199000,28.00000000
1286256786,0.06200000,371.00000000
1286256821,0.06200000,64.00000000
1286261230,0.06300000,0.00000000
1286261255,0.06141000,0.00000000
1286261255,0.06100000,614.00000000
1286261255,0.06090000,696.00000000
1286262684,0.06195000,10.00000000
1286264599,0.06101000,292.00000000
1286275197,0.06099000,400.00000000
1286275207,0.06098000,155.00000000
1286275207,0.06099000,244.00000000
1286279384,0.06096000,10.00000000
1286279626,0.06095000,10.00000000
1286281202,0.06095000,67.00000000
1286281202,0.06099000,932.00000000
1286281203,0.06191000,33.00000000
1286281215,0.06099000,1000.00000000
1286281296,0.06099000,1000.00000000
1286281303,0.06099000,1000.00000000
1286281341,0.06099000,130.00000000
1286281402,0.06200000,596.00000000
1286282584,0.06196000,16.00000000
1286282584,0.06200000,99.00000000
1286282584,0.06200000,457.00000000
1286282584,0.06200000,426.00000000
1286282595,0.06200000,1000.00000000
1286282602,0.06200000,1000.00000000
1286282606,0.06200000,1000.00000000
1286282625,0.06200000,694.00000000
1286283477,0.06200000,636.00000000
1286283488,0.06220000,400.00000000
1286283498,0.06228000,10.00000000
1286283498,0.06229000,73.00000000
1286283498,0.06229000,26.00000000
1286283505,0.06250000,20.00000000
1286283516,0.06270000,500.00000000
1286283516,0.06270000,50.00000000
1286283516,0.06269900,13.00000000
1286283516,0.06269900,87.00000000
1286283632,0.06275000,50.00000000
1286283641,0.06289000,100.00000000
1286283650,0.06289000,4.00000000
1286283655,0.06299900,1000.00000000
1286283662,0.06299900,890.00000000
1286283662,0.06300000,50.00000000
1286283662,0.06300000,59.00000000
1286283671,0.06300000,668.00000000
1286285011,0.06301000,0.00000000
1286285011,0.06200000,20.00000000
1286292483,0.06151000,0.00000000
1286292483,0.06150000,100.00000000
1286292545,0.06110000,107.00000000
1286292571,0.06101000,103.00000000
1286292571,0.06100000,359.00000000
1286297997,0.06124000,25.00000000
1286302642,0.06112000,35.00000000
1286302966,0.06111000,5.00000000
1286302966,0.06190000,1495.00000000
1286302984,0.06190000,32.00000000
1286303165,0.06189000,38.00000000
1286303265,0.06106000,35.00000000
1286303265,0.06104000,3.00000000
1286305808,0.06170000,10.00000000
1286311371,0.06152000,10.00000000
1286311850,0.06171000,36.00000000
1286311850,0.06172000,13.00000000
1286315023,0.06140000,10.00000000
1286337859,0.06145000,13.00000000
1286337859,0.06150000,50.00000000
1286338063,0.06200000,3842.00000000
1286338063,0.06200000,400.00000000
1286338063,0.06200000,975.00000000
1286338063,0.06200000,360.00000000
1286338063,0.06199900,0.00000000
1286338063,0.06199900,280.00000000
1286338063,0.06190000,104.00000000
1286338063,0.06172000,36.00000000
1286346645,0.06169000,10.00000000
1286346728,0.06200000,750.00000000
1286347356,0.06200000,2000.00000000
1286348029,0.06200000,340.00000000
1286359020,0.06181000,15.00000000
1286359020,0.06180000,15.00000000
1286359036,0.06151000,1987.00000000
1286359036,0.06150000,100.00000000
1286359050,0.06120000,100.00000000
1286359179,0.06200000,2145.00000000
1286359179,0.06199000,74.00000000
1286372241,0.06195000,44.00000000
1286372241,0.06318000,161.00000000
1286372241,0.06318000,253.00000000
1286372241,0.06310000,50.00000000
1286372241,0.06300000,271.00000000
1286372241,0.06300000,309.00000000
1286372241,0.06300000,62.00000000
1286372241,0.06300000,20.00000000
1286372241,0.06250000,20.00000000
1286372241,0.06200000,921.00000000
1286372348,0.06318000,30.00000000
1286374306,0.06311000,22.00000000
1286374306,0.06318000,441.00000000
1286374306,0.06320000,80.00000000
1286374306,0.06320000,50.00000000
1286374306,0.06320000,200.00000000
1286374306,0.06330000,50.00000000
1286374306,0.06330000,711.00000000
1286378671,0.06316000,11.00000000
1286378671,0.06320000,17.00000000
1286378726,0.06330000,400.00000000
1286378953,0.06322000,10.00000000
1286381787,0.06321000,146.00000000
1286388713,0.06270000,10.00000000
1286390120,0.06274000,10.00000000
1286394021,0.06278000,10.00000000
1286394021,0.06280000,5.00000000
1286396130,0.06280000,994.00000000
1286396130,0.06290000,505.00000000
1286396148,0.06290000,25.00000000
1286398279,0.06290000,18.00000000
1286398279,0.06348000,651.00000000
1286398279,0.06348000,65.00000000
1286398279,0.06348000,910.00000000
1286398279,0.06340000,600.00000000
1286398279,0.06330000,586.00000000
1286398279,0.06300000,853.00000000
1286398279,0.06290000,114.00000000
1286398306,0.06286000,16.00000000
1286398843,0.06278000,13.00000000
1286398843,0.06280000,984.00000000
1286399216,0.06282000,358.00000000
1286399216,0.06281000,3641.00000000
1286399334,0.06348000,82.00000000
1286404291,0.06348000,50.00000000
1286404299,0.06348000,10.00000000
1286404305,0.06348000,10.00000000
1286404845,0.06346000,100.00000000
1286404850,0.06346000,85.00000000
1286404850,0.06348000,14.00000000
1286404856,0.06348000,100.00000000
1286404859,0.06348000,100.00000000
1286404862,0.06350000,45.00000000
1286404862,0.06348000,54.00000000
1286404864,0.06350000,100.00000000
1286404866,0.06350000,15.00000000
1286404866,0.06350000,50.00000000
1286404866,0.06350000,30.00000000
1286404866,0.06350000,4.00000000
1286404869,0.06350000,100.00000000
1286404871,0.06350000,100.00000000
1286404873,0.06350000,100.00000000
1286404875,0.06350000,100.00000000
1286404877,0.06350000,100.00000000
1286404879,0.06350000,100.00000000
1286404881,0.06350000,100.00000000
1286404883,0.06350000,100.00000000
1286406069,0.06331000,0.00000000
1286406069,0.06331000,8.00000000
1286406094,0.06281000,3490.00000000
1286406133,0.06281000,20.00000000
1286410691,0.06312000,20.00000000
1286410691,0.06320000,9.00000000
1286410759,0.06296000,10.00000000
1286422790,0.06290000,1700.00000000
1286422850,0.06282000,278.00000000
1286422850,0.06281000,1222.00000000
1286425645,0.06299000,10.00000000
1286425645,0.06320000,10.00000000
1286425645,0.06348000,200.00000000
1286425645,0.06350000,25.00000000
1286425645,0.06350000,2754.00000000
1286425673,0.06350000,53.00000000
1286431855,0.06302000,138.00000000
1286432106,0.06282000,69.00000000
1286432106,0.06281000,91.00000000
1286432748,0.06326000,200.00000000
1286447341,0.06330000,230.00000000
1286451269,0.06337000,18.00000000
1286464339,0.06347000,106.00000000
1286464339,0.06350000,93.00000000
1286467803,0.06330000,10.00000000
1286471831,0.06320000,50.00000000
1286471831,0.06318000,40.00000000
1286471831,0.06310000,40.00000000
1286471831,0.06300000,100.00000000
1286471831,0.06280000,770.00000000
1286472019,0.06340000,10.00000000
1286472037,0.06350000,173.00000000
1286472037,0.06350000,100.00000000
1286472037,0.06350000,20.00000000
1286472051,0.06370000,100.00000000
1286472054,0.06370000,100.00000000
1286472055,0.06370000,25.00000000
1286472115,0.06375000,50.00000000
1286472115,0.06379000,550.00000000
1286472119,0.06380000,550.00000000
1286472119,0.06379000,50.00000000
1286472122,0.06380000,600.00000000
1286472124,0.06380000,600.00000000
1286472127,0.06380000,600.00000000
1286472129,0.06380000,600.00000000
1286472131,0.06380000,600.00000000
1286472132,0.06380000,600.00000000
1286472134,0.06380000,600.00000000
1286472142,0.06380000,93.00000000
1286472153,0.06380000,0.00000000
1286486102,0.06314000,20.00000000
1286486102,0.06310000,20.00000000
1286486103,0.06309000,20.00000000
1286486473,0.06364000,51.00000000
1286486473,0.06370000,51.00000000
1286486805,0.06378000,85.00000000
1286486805,0.06379000,150.00000000
1286486825,0.06400000,20.00000000
1286486825,0.06400000,100.00000000
1286486825,0.06400000,500.00000000
1286486825,0.06400000,50.00000000
1286486825,0.06400000,1000.00000000
1286486825,0.06400000,1564.00000000
1286486825,0.06400000,153.00000000
1286486825,0.06400000,94.00000000
1286486825,0.06400000,30.00000000
1286486825,0.06390000,50.00000000
1286486861,0.06410000,43.00000000
1286486861,0.06410000,6.00000000
1286487928,0.06427000,10.00000000
1286487928,0.06430000,10.00000000
1286487928,0.06449000,25.00000000
1286487928,0.06450000,31.00000000
1286487928,0.06450000,18.00000000
1286487928,0.06450000,194.00000000
1286487928,0.06470000,1200.00000000
1286487928,0.06475000,17807.00000000
1286488122,0.06490000,184.00000000
1286488240,0.06499000,37.00000000
1286488240,0.06500000,0.00000000
1286488240,0.06500000,20.00000000
1286488240,0.06500000,101.00000000
1286488240,0.06500000,500.00000000
1286488240,0.06500000,100.00000000
1286488240,0.06500000,50.00000000
1286488240,0.06500000,1000.00000000
1286488240,0.06500000,200.00000000
1286488240,0.06500000,100.00000000
1286488240,0.06500000,100.00000000
1286488240,0.06500000,300.00000000
1286488240,0.06500000,50.00000000
1286488240,0.06500000,9.00000000
1286488240,0.06500000,26.00000000
1286488767,0.06550000,1.00000000
1286488767,0.06549000,18.00000000
1286490241,0.06550000,42.00000000
1286490241,0.06550000,6.00000000
1286490302,0.06599000,182.00000000
1286490880,0.06509000,20.00000000
1286491325,0.06597000,19.00000000
1286491325,0.06600000,43.00000000
1286491325,0.06600000,20.00000000
1286491325,0.06600000,6.00000000
1286491325,0.06600000,1000.00000000
1286491325,0.06600000,100.00000000
1286491325,0.06600000,100.00000000
1286491325,0.06599000,318.00000000
1286491369,0.06650000,43.00000000
1286491369,0.06650000,6.00000000
1286491384,0.06666700,300.00000000
1286491404,0.06699000,500.00000000
1286491689,0.06602000,10.00000000
1286492058,0.06699000,14.00000000
1286492058,0.06700000,104.00000000
1286492058,0.06700000,20.00000000
1286492058,0.06700000,56.00000000
1286492058,0.06700000,379.00000000
1286492985,0.06700000,20.00000000
1286499871,0.06700000,0.00000000
1286499871,0.06700000,999.00000000
1286501967,0.06700000,0.00000000
1286501967,0.06700000,100.00000000
1286501967,0.06700000,1754.00000000
1286502100,0.06740000,17.00000000
1286502174,0.06770000,100.00000000
1286502195,0.06799000,500.00000000
1286502208,0.06800000,500.00000000
1286502212,0.06800000,100.00000000
1286502212,0.06800000,6.00000000
1286502212,0.06800000,100.00000000
1286502212,0.06800000,29.00000000
1286502212,0.06800000,20.00000000
1286502212,0.06800000,243.00000000
1286502228,0.06800000,500.00000000
1286502231,0.06800000,256.00000000
1286502239,0.06899000,500.00000000
1286502253,0.06900000,500.00000000
1286502258,0.06900000,301.00000000
1286502258,0.06900000,100.00000000
1286502258,0.06900000,20.00000000
1286502258,0.06900000,78.00000000
1286502264,0.06900000,500.00000000
1286502267,0.06900000,198.00000000
1286502288,0.07000000,500.00000000
1286502292,0.07000000,500.00000000
1286502320,0.07001000,20.00000000
1286502337,0.07001000,20.00000000
1286502394,0.07000000,1.00000000
1286502394,0.07000000,10.00000000
1286502394,0.07000000,488.00000000
1286502402,0.07000000,500.00000000
1286502406,0.07000000,262.00000000
1286502406,0.07000000,20.00000000
1286502406,0.07000000,50.00000000
1286502406,0.07000000,167.00000000
1286502419,0.07000000,382.00000000
1286502889,0.07100000,18.00000000
1286502889,0.07500000,64.00000000
1286502889,0.07500000,1326.00000000
1286502889,0.07700000,426.00000000
1286502889,0.07700000,287.00000000
1286502889,0.07750000,171.00000000
1286502889,0.07750000,198.00000000
1286502889,0.07750000,87.00000000
1286502889,0.08000000,1758.00000000
1286502889,0.07450000,2.00000000
1286502889,0.07430000,1000.00000000
1286502889,0.07100000,1.00000000
1286502889,0.07101000,576.00000000
1286502889,0.07200000,20.00000000
1286502889,0.07200000,60.00000000
1286502889,0.07300000,0.00000000
1286502889,0.07300000,0.00000000
1286502889,0.07400000,1000.00000000
1286502889,0.07400000,2.00000000
1286503659,0.07600000,100.00000000
1286503714,0.07700000,2500.00000000
1286506203,0.07608000,20.00000000
1286508655,0.07616000,80.00000000
1286508699,0.07600000,100.00000000
1286509469,0.07202000,13.00000000
1286509624,0.07000000,1570.00000000
1286509624,0.07001000,577.00000000
1286509624,0.07100000,20.00000000
1286509624,0.07120000,85.00000000
1286509624,0.07200000,20.00000000
1286510152,0.07613000,10.00000000
1286512723,0.07204000,250.00000000
1286512723,0.07200000,250.00000000
1286516133,0.06900000,21.00000000
1286516133,0.07000000,100.00000000
1286522031,0.07029000,161.00000000
1286522063,0.07010000,314.00000000
1286522260,0.07030000,100.00000000
1286522275,0.07050000,100.00000000
1286522286,0.07100000,920.00000000
1286522577,0.07100000,100.00000000
1286525121,0.07091000,214.00000000
1286525121,0.07100000,785.00000000
1286525134,0.07100000,1000.00000000
1286525143,0.07100000,786.00000000
1286525143,0.07100000,7.00000000
1286525143,0.07200000,205.00000000
1286525150,0.07200000,94.00000000
1286525150,0.07300000,20.00000000
1286525696,0.07301000,100.00000000
1286526288,0.07303000,0.00000000
1286526966,0.07306000,129.00000000
1286526966,0.07300000,1850.00000000
1286527320,0.07301000,115.00000000
1286527320,0.07300000,2885.00000000
1286527451,0.07300000,4000.00000000
1286527528,0.07301000,57.00000000
1286527528,0.07300000,1942.00000000
1286527622,0.07300000,1600.00000000
1286527971,0.07339000,20.00000000
1286528194,0.07302000,28.00000000
1286528194,0.07300000,4971.00000000
1286534671,0.07339000,260.00000000
1286535294,0.07337000,52.00000000
1286535294,0.07340000,1200.00000000
1286535826,0.07343000,57.00000000
1286535826,0.07341000,57.00000000
1286535842,0.07300000,34.00000000
1286536778,0.07395000,120.00000000
1286536778,0.07400000,3.00000000
1286538887,0.07310000,100.00000000
1286539608,0.07313000,52.00000000
1286539608,0.07300000,5969.00000000
1286543710,0.07344000,201.00000000
1286543710,0.07350000,300.00000000
1286543720,0.07370000,276.00000000
1286543720,0.07370000,20.00000000
1286543725,0.07400000,17.00000000
1286543725,0.07400000,100.00000000
1286543727,0.07420000,210.00000000
1286543729,0.07500000,185.00000000
1286543738,0.07500000,0.00000000
1286545696,0.07320000,136.00000000
1286545733,0.07300000,2146.00000000
1286550686,0.07477000,100.00000000
1286550692,0.07500000,300.00000000
1286550692,0.07500000,214.00000000
1286550698,0.07600000,2583.00000000
1286550918,0.07600000,21.00000000
1286551498,0.07600000,10.00000000
1286553832,0.07600000,1900.00000000
1286554350,0.07600000,3800.00000000
1286554449,0.07600000,10000.00000000
1286554489,0.07600000,1685.00000000
1286554489,0.07600000,100.00000000
1286554536,0.07679000,118.00000000
1286554536,0.07680000,631.00000000
1286554638,0.07680000,225.00000000
1286555920,0.07679000,59.00000000
1286555920,0.07680000,1740.00000000
1286555951,0.07680000,92.00000000
1286558349,0.07672000,29.00000000
1286558349,0.08000000,100.00000000
1286558349,0.08000000,20.00000000
1286558349,0.08000000,20.00000000
1286558349,0.08000000,50.00000000
1286558349,0.07900000,100.00000000
1286558349,0.07800000,100.00000000
1286558349,0.07800000,50.00000000
1286558349,0.07700000,183.00000000
1286558349,0.07700000,3.00000000
1286558349,0.07700000,13.00000000
1286558349,0.07700000,10.00000000
1286558349,0.07690000,900.00000000
1286558349,0.07680000,0.00000000
1286558349,0.07680000,1925.00000000
1286558488,0.08099000,14.00000000
1286558488,0.08100000,2600.00000000
1286558488,0.08100000,85.00000000
1286558950,0.08002000,301.00000000
1286558950,0.08000000,4698.00000000
1286559012,0.08089000,100.00000000
1286559012,0.08090000,100.00000000
1286559519,0.08100000,14.00000000
1286559684,0.08100900,206.00000000
1286559684,0.08099900,294.00000000
1286559698,0.08099900,500.00000000
1286559702,0.08099900,500.00000000
1286559707,0.08099900,500.00000000
1286559711,0.08099900,500.00000000
1286559713,0.08099900,500.00000000
1286559716,0.08099900,500.00000000
1286559719,0.08099900,436.00000000
1286560096,0.08300000,234.00000000
1286560096,0.08300000,100.00000000
1286560096,0.08300000,236.00000000
1286560096,0.08300000,494.00000000
1286560096,0.08300000,6.00000000
1286560096,0.08300000,1494.00000000
1286560096,0.08300000,736.00000000
1286560096,0.08300000,500.00000000
1286560096,0.08200000,100.00000000
1286560096,0.08198000,100.00000000
1286560191,0.08300000,30.00000000
1286560215,0.08399000,100.00000000
1286560382,0.08400000,100.00000000
1286560469,0.08500000,488.00000000
1286560469,0.08500000,535.00000000
1286560469,0.08500000,70.00000000
1286560469,0.08500000,6.00000000
1286560469,0.08500000,50.00000000
1286560516,0.08600000,100.00000000
1286560516,0.08599000,100.00000000
1286560560,0.08700000,100.00000000
1286560573,0.08502000,196.00000000
1286560573,0.08501000,2252.00000000
1286560626,0.08800000,10.00000000
1286560866,0.08502000,148.00000000
1286560866,0.08501000,397.00000000
1286560950,0.08499000,654.00000000
1286560955,0.08502000,150.00000000
1286560981,0.08700000,1900.00000000
1286561002,0.08800000,550.00000000
1286561002,0.08800000,90.00000000
1286561002,0.08799000,159.00000000
1286561071,0.08800000,4750.00000000
1286561336,0.08799000,65.00000000
1286562119,0.08754000,65.00000000
1286563586,0.08405000,18.00000000
1286563586,0.08401000,18.00000000
1286563586,0.08100000,71.00000000
1286563586,0.08000000,2892.00000000
1286567184,0.08012000,22.00000000
1286567337,0.08111000,20.00000000
1286567473,0.08013000,134.00000000
1286567536,0.08000000,350.00000000
1286567547,0.08000000,10000.00000000
1286567803,0.08109000,67.00000000
1286568890,0.08106000,76.00000000
1286568890,0.08320000,200.00000000
1286568890,0.08580000,200.00000000
1286568890,0.08790000,200.00000000
1286568890,0.08795000,300.00000000
1286568890,0.08800000,4023.00000000
1286570184,0.08795000,20.00000000
1286572418,0.08788000,139.00000000
1286572418,0.08800000,1860.00000000
1286572504,0.01000000,100.00000000
1286573068,0.08700000,100.00000000
1286573667,0.08602000,100.00000000
1286573743,0.08601000,100.00000000
1286573743,0.08600000,100.00000000
1286573760,0.08500000,100.00000000
1286573807,0.08400000,100.00000000
1286574067,0.08301000,10.00000000
1286574124,0.08301000,10.00000000
1286574155,0.08398000,229.00000000
1286574155,0.08399000,770.00000000
1286574189,0.08399000,500.00000000
1286575467,0.08395000,29.00000000
1286575467,0.08399000,29.00000000
1286579707,0.08686000,57.00000000
1286579943,0.08513000,0.00000000
1286581626,0.08519000,29.00000000
1286581681,0.08500000,15.00000000
1286581728,0.08500000,15.00000000
1286581731,0.08500000,15.00000000
1286581732,0.08500000,15.00000000
1286581733,0.08500000,15.00000000
1286581734,0.08500000,15.00000000
1286581735,0.08500000,15.00000000
1286581742,0.08500000,92.00000000
1286581742,0.08500000,30.00000000
1286581767,0.08400000,200.00000000
1286581791,0.08300000,1000.00000000
1286581793,0.08300000,1000.00000000
1286581815,0.08301000,266.00000000
1286581815,0.08300000,408.00000000
1286581831,0.08684000,57.00000000
1286581831,0.08685000,57.00000000
1286584686,0.08411000,60.00000000
1286584686,0.08409000,60.00000000
1286584686,0.08400000,400.00000000
1286584686,0.08350000,400.00000000
1286584686,0.08300000,2880.00000000
1286585359,0.08302000,133.00000000
1286585359,0.08300000,867.00000000
1286585666,0.08301000,66.00000000
1286585666,0.08300000,933.00000000
1286586252,0.08497000,10.00000000
1286586257,0.08497000,100.00000000
1286586327,0.08496000,187.00000000
1286586327,0.08500000,1000.00000000
1286586350,0.08600000,10.00000000
1286586364,0.08750000,20.00000000
1286586447,0.08750000,20.00000000
1286589422,0.08502000,180.00000000
1286589422,0.08500000,9819.00000000
1286589443,0.08740000,181.00000000
1286589449,0.08750000,1460.00000000
1286589455,0.08800000,2000.00000000
1286589460,0.08800000,184.00000000
1286589460,0.08800000,1815.00000000
1286589463,0.08800000,15.00000000
1286589465,0.08860000,2000.00000000
1286589472,0.08860000,1769.00000000
1286589503,0.08900000,200.00000000
1286589503,0.08900000,100.00000000
1286589503,0.08900000,25.00000000
1286589503,0.08900000,20.00000000
1286589513,0.09000000,100.00000000
1286589807,0.08501000,180.00000000
1286589807,0.08500000,180.00000000
1286589818,0.08300000,1000.00000000
1286589820,0.08300000,1000.00000000
1286589822,0.08300000,1000.00000000
1286589843,0.08999000,181.00000000
1286589843,0.09000000,818.00000000
1286589846,0.09000000,1000.00000000
1286589923,0.08301000,194.00000000
1286589923,0.08300000,4777.00000000
1286589923,0.08300000,3732.00000000
1286589923,0.08300000,4295.00000000
1286589933,0.09000000,112.00000000
1286589933,0.09000000,50.00000000
1286589933,0.09000000,12656.00000000
1286589933,0.08999000,180.00000000
1286589956,0.09000000,87.00000000
1286589958,0.09100000,100.00000000
1286589959,0.09100000,100.00000000
1286589960,0.09130000,100.00000000
1286589961,0.09130000,100.00000000
1286589962,0.09200000,100.00000000
1286589963,0.09200000,100.00000000
1286589964,0.09300000,100.00000000
1286589965,0.09300000,100.00000000
1286589966,0.09400000,100.00000000
1286589967,0.09400000,100.00000000
1286589968,0.09500000,100.00000000
1286589969,0.09500000,100.00000000
1286589970,0.09500000,25.00000000
1286590024,0.08300000,1000.00000000
1286590029,0.09600000,100.00000000
1286590033,0.09600000,100.00000000
1286590034,0.09700000,200.00000000
1286590036,0.09800000,200.00000000
1286590037,0.09900000,200.00000000
1286590038,0.10000000,49.00000000
1286590038,0.10000000,0.00000000
1286590038,0.10000000,50.00000000
1286590038,0.10000000,100.00000000
1286590127,0.09601000,20.00000000
1286590198,0.08300000,362.00000000
1286590198,0.08300000,637.00000000
1286590207,0.09999000,187.00000000
1286590207,0.10000000,0.00000000
1286590207,0.10000000,12.00000000
1286590210,0.10000000,82.00000000
1286590210,0.10000000,80.00000000
1286590210,0.10000000,37.00000000
1286590235,0.10000000,117.00000000
1286590235,0.10000000,82.00000000
1286590236,0.10000000,17.00000000
1286590239,0.11000000,200.00000000
1286590240,0.11000000,100.00000000
1286590240,0.11000000,100.00000000
1286590241,0.12000000,180.00000000
1286590275,0.08301000,100.00000000
1286590290,0.08301000,95.00000000
1286590290,0.08300000,505.00000000
1286590389,0.12000000,10.00000000
1286590414,0.12001000,19.00000000
1286591000,0.10001000,182.00000000
1286592065,0.09995000,20.00000000
1286592742,0.09005000,100.00000000
1286592948,0.09011000,20.00000000
1286592975,0.09000000,180.00000000
1286593053,0.09000000,9820.00000000
1286593219,0.08401000,20.00000000
1286593219,0.08400000,20.00000000
1286593220,0.08300000,493.00000000
1286593222,0.08100000,100.00000000
1286593223,0.08000000,1000.00000000
1286593224,0.08000000,100.00000000
1286593226,0.07601000,0.00000000
1286593227,0.07500000,100.00000000
1286593228,0.07200000,20.00000000
1286593229,0.07110000,1000.00000000
1286593230,0.07110000,1000.00000000
1286593231,0.07110000,1000.00000000
1286593236,0.07110000,2000.00000000
1286593238,0.07110000,2000.00000000
1286593239,0.07110000,2000.00000000
1286593241,0.07110000,1000.00000000
1286593500,0.09000000,493.00000000
1286593500,0.09000000,20.00000000
1286593500,0.07600000,20.00000000
1286593660,0.09002000,146.00000000
1286593660,0.09001000,9467.00000000
1286593852,0.07501000,87.00000000
1286593852,0.07500000,12.00000000
1286593926,0.07502000,43.00000000
1286593928,0.07110000,200.00000000
1286595077,0.07709000,21.00000000
1286595082,0.07700000,100.00000000
1286595142,0.07701000,10.00000000
1286595159,0.07701000,0.00000000
1286595159,0.07700000,18.00000000
1286595234,0.07706000,300.00000000
1286595236,0.08900000,500.00000000
1286595345,0.07509000,500.00000000
1286595970,0.08691000,98.00000000
1286596176,0.08598000,100.00000000
1286596281,0.08201000,50.00000000
1286596312,0.08300000,50.00000000
1286596320,0.08300000,50.00000000
1286596323,0.08300000,50.00000000
1286596324,0.08301000,50.00000000
1286596518,0.08400000,50.00000000
1286596523,0.08400000,50.00000000
1286596679,0.08309000,110.00000000
1286596679,0.08592000,100.00000000
1286596679,0.08600000,90.00000000
1286596764,0.08308000,50.00000000
1286596891,0.08307000,50.00000000
1286596947,0.08899000,100.00000000
1286597102,0.08501000,100.00000000
1286597210,0.08200000,200.00000000
1286597210,0.08298000,100.00000000
1286597243,0.08899000,20.00000000
1286597601,0.08502000,100.00000000
1286597816,0.08299000,100.00000000
1286597901,0.08206000,50.00000000
1286597901,0.08201000,50.00000000
1286597901,0.08000000,60.00000000
1286597901,0.07900000,640.00000000
1286598024,0.08700000,100.00000000
1286598262,0.08601000,100.00000000
1286598262,0.08600000,100.00000000
1286598271,0.07900000,100.00000000
1286598350,0.07901000,138.00000000
1286598350,0.07900000,874.00000000
1286598528,0.08000000,100.00000000
1286598627,0.08000000,10.00000000
1286598674,0.07999000,10.00000000
1286598674,0.08000000,10.00000000
1286598862,0.08097000,10.00000000
1286598862,0.08100000,10.00000000
1286598896,0.08200000,10.00000000
1286598902,0.08450000,60.00000000
1286599168,0.08206000,50.00000000
1286599443,0.08260000,10.00000000
1286599443,0.08280000,10.00000000
1286599443,0.08500000,1000.00000000
1286599475,0.08259000,10.00000000
1286600210,0.08690000,10.00000000
1286600211,0.08700000,10.00000000
1286600212,0.08897900,80.00000000
1286600212,0.08900000,100.00000000
1286600214,0.09000000,1000.00000000
1286600218,0.09000000,874.00000000
1286600348,0.09004000,56.00000000
1286600348,0.09000000,300.00000000
1286607326,0.08103000,31.00000000
1286607326,0.08000000,543.00000000
1286607822,0.07992000,378.00000000
1286607822,0.08000000,1621.00000000
1286607853,0.07999000,189.00000000
1286607853,0.08000000,191.00000000
1286608922,0.08481000,1000.00000000
1286608941,0.08482000,282.00000000
1286609789,0.08468000,10.00000000
1286609971,0.08497000,10.00000000
1286609971,0.08500000,10.00000000
1286610468,0.08482000,146.00000000
1286610703,0.08475000,78.00000000
1286610703,0.08471000,734.00000000
1286612180,0.07999000,10.00000000
1286612228,0.07999000,10.00000000
1286612290,0.07999000,100.00000000
1286612346,0.07999000,100.00000000
1286612407,0.07999000,100.00000000
1286612466,0.07999000,100.00000000
1286612530,0.07999000,127.00000000
1286612589,0.07999000,63.00000000
1286612648,0.07999000,31.00000000
1286612708,0.07999000,15.00000000
1286613069,0.08601000,100.00000000
1286613132,0.08601000,100.00000000
1286613185,0.08601000,100.00000000
1286613246,0.08601000,100.00000000
1286613306,0.08601000,145.00000000
1286613355,0.07900000,0.00000000
1286613545,0.07909000,100.00000000
1286613607,0.07909000,200.00000000
1286613663,0.07909000,130.00000000
1286613724,0.07909000,65.00000000
1286613844,0.07909000,32.00000000
1286614028,0.07919000,16.00000000
1286614084,0.08691000,319.00000000
1286614145,0.08691000,160.00000000
1286614205,0.08691000,80.00000000
1286614325,0.07909000,287.00000000
1286614385,0.08691000,171.00000000
1286614564,0.07909000,229.00000000
1286614624,0.08691000,190.00000000
1286614684,0.07909000,209.00000000
1286614744,0.08691000,190.00000000
1286614804,0.07909000,200.00000000
1286614863,0.08691000,186.00000000
1286614926,0.07909000,193.00000000
1286614984,0.08691000,181.00000000
1286615044,0.07909000,187.00000000
1286615104,0.08691000,175.00000000
1286615164,0.07909000,181.00000000
1286615224,0.08691000,170.00000000
1286615284,0.07909000,175.00000000
1286615360,0.08691000,165.00000000
1286615464,0.07909000,170.00000000
1286615585,0.08696000,160.00000000
1286615643,0.07904000,165.00000000
1286615704,0.07904000,82.00000000
1286615825,0.07906000,200.00000000
1286616004,0.07904000,141.00000000
1286616063,0.08696000,166.00000000
1286616124,0.07904000,153.00000000
1286616183,0.08696000,153.00000000
1286616244,0.07904000,153.00000000
1286616303,0.08695000,146.00000000
1286616544,0.07919000,149.00000000
1286616603,0.07919000,74.00000000
1286616665,0.08496000,179.00000000
1286616724,0.07914000,127.00000000
1286616784,0.08496000,149.00000000
1286616844,0.07924000,138.00000000
1286616965,0.08496000,138.00000000
1286617023,0.07924000,138.00000000
1286617083,0.08496000,134.00000000
1286617324,0.07944000,136.00000000
1286617384,0.08496000,130.00000000
1286617443,0.07954000,133.00000000
1286617683,0.07974000,66.00000000
1286617744,0.07974000,33.00000000
1286617924,0.08496000,174.00000000
1286617983,0.07994000,103.00000000
1286618043,0.07994000,51.00000000
1286618103,0.08496000,161.00000000
1286618217,0.08000000,115.00000000
1286618217,0.08001000,85.00000000
1286618283,0.08004000,148.00000000
1286624287,0.08102000,0.00000000
1286627119,0.08020000,117.00000000
1286627119,0.07900000,1385.00000000
1286627119,0.07730000,2475.00000000
1286627119,0.07710000,22.00000000
1286628471,0.07732000,42.00000000
1286628471,0.07710000,42.00000000
1286628471,0.07700000,882.00000000
1286628471,0.07600000,4033.00000000
1286640501,0.07580000,40.00000000
1286643863,0.07516000,20.00000000
1286643863,0.06800000,1.00000000
1286643863,0.06900000,20.00000000
1286643863,0.07000000,20.00000000
1286643863,0.07000000,100.00000000
1286643863,0.07010000,225.00000000
1286643863,0.07100000,20.00000000
1286643863,0.07101000,25.00000000
1286643863,0.07200000,318.00000000
1286643863,0.07500000,100.00000000
1286643863,0.07500000,20.00000000
1286644857,0.07002000,11.00000000
1286644857,0.07000000,20.00000000
1286645324,0.07619000,31.00000000
1286645339,0.07621000,699.00000000
1286646527,0.07300000,20.00000000
1286646527,0.07493000,174.00000000
1286646527,0.07500000,305.00000000
1286647308,0.07500000,2995.00000000
1286647308,0.07700000,20.00000000
1286647308,0.07700000,6000.00000000
1286647458,0.08000000,929.00000000
1286647458,0.08000000,555.00000000
1286647458,0.07960000,2475.00000000
1286647458,0.07950000,1000.00000000
1286647458,0.07850000,40.00000000
1286647566,0.07007000,22.00000000
1286647566,0.07000000,985.00000000
1286647745,0.08000000,70.00000000
1286648110,0.08001000,20.00000000
1286648290,0.08100000,100.00000000
1286648487,0.08001000,986.00000000
1286648601,0.08001000,100.00000000
1286648771,0.10000000,38.00000000
1286648771,0.09900000,30.00000000
1286648771,0.09680000,200.00000000
1286648771,0.09500000,1000.00000000
1286648771,0.09140000,200.00000000
1286648771,0.09100000,740.00000000
1286648771,0.09000000,1000.00000000
1286648771,0.08800000,1385.00000000
1286648771,0.08100000,15.00000000
1286648771,0.08129000,130.00000000
1286648771,0.08200000,100.00000000
1286648771,0.08500000,1000.00000000
1286648771,0.08700000,3500.00000000
1286649590,0.10000000,12.00000000
1286649590,0.11000000,2.00000000
1286649949,0.10200000,345.00000000
1286650529,0.09990000,1000.00000000
1286650529,0.10000000,6500.00000000
1286650579,0.10000000,109.00000000
1286652229,0.09100000,100.00000000
1286652434,0.09100000,5.00000000
1286653846,0.09200000,160.00000000
1286654769,0.09700000,3000.00000000
1286654796,0.09700000,20.00000000
1286654828,0.09210000,992.00000000
1286655412,0.09200000,8000.00000000
1286655669,0.09209000,8.00000000
1286655710,0.09699000,1097.00000000
1286655710,0.09700000,3854.00000000
1286655926,0.09200000,1000.00000000
1286657769,0.09201000,100.00000000
1286659414,0.09201000,100.00000000
1286659477,0.09201000,50.00000000
1286659569,0.09201000,600.00000000
1286660270,0.09201000,227.00000000
1286660466,0.09201000,75.00000000
1286660954,0.09200000,10.00000000
1286660971,0.09200000,10.00000000
1286660973,0.09200000,10.00000000
1286660975,0.09200000,10.00000000
1286660977,0.09200000,10.00000000
1286660978,0.09200000,10.00000000
1286660980,0.09200000,10.00000000
1286660981,0.09200000,10.00000000
1286660982,0.09200000,10.00000000
1286660983,0.09200000,10.00000000
1286660986,0.09200000,10.00000000
1286661025,0.09200000,100.00000000
1286661153,0.09200000,400.00000000
1286662957,0.09200000,1000.00000000
1286664967,0.09200000,800.00000000
1286665637,0.09379900,11.00000000
1286669655,0.09299900,20.00000000
1286677728,0.08400000,10.00000000
1286684667,0.08400000,490.00000000
1286684683,0.08200000,200.00000000
1286684683,0.08200000,507.00000000
1286703359,0.09280000,50.00000000
1286703359,0.09289900,1.00000000
1286710160,0.09289900,10.00000000
1286710957,0.09289900,38.00000000
1286713329,0.09289900,10.00000000
1286716595,0.09289900,10.00000000
1286717132,0.08810000,52.00000000
1286717181,0.07999000,13.00000000
1286717277,0.08810000,13.00000000
1286718895,0.08820000,100.00000000
1286721325,0.08830000,21.00000000
1286721454,0.08840000,20.00000000
1286722458,0.08890000,21.00000000
1286722991,0.09100000,100.00000000
1286722991,0.09250000,52.00000000
1286722991,0.09289900,878.00000000
1286722991,0.09300000,9404.00000000
1286723197,0.09300000,100.00000000
1286725481,0.09300000,1000.00000000
1286731647,0.09300000,4495.00000000
1286731647,0.09350000,48.00000000
1286731647,0.09400000,3456.00000000
1286731670,0.09400000,422.00000000
1286731670,0.09400000,378.00000000
1286731680,0.09400000,700.00000000
1286731698,0.09400000,110.00000000
1286731723,0.09400000,12.00000000
1286731867,0.09400000,48.00000000
1286732057,0.09400000,1330.00000000
1286732609,0.09390000,2107.00000000
1286732609,0.09400000,3965.00000000
1286732609,0.09500000,20.00000000
1286732609,0.09500000,5000.00000000
1286732609,0.09500000,100.00000000
1286732787,0.09000000,100.00000000
1286732896,0.11700000,100.00000000
1286732896,0.11900000,100.00000000
1286732896,0.12000000,30.00000000
1286732896,0.12000000,0.00000000
1286732896,0.12000000,50.00000000
1286732896,0.12000000,11.00000000
1286732896,0.11400000,100.00000000
1286732896,0.11000000,50.00000000
1286732896,0.09610000,50.00000000
1286732896,0.10000000,200.00000000
1286732896,0.10000000,10.00000000
1286732896,0.10500000,100.00000000
1286732896,0.10700000,100.00000000
1286732896,0.10900000,100.00000000
1286733224,0.09000000,447.00000000
1286734495,0.11900000,500.00000000
1286734575,0.11900000,300.00000000
1286734624,0.09000000,100.00000000
1286734783,0.11900000,192.00000000
1286735002,0.11901000,18.00000000
1286736129,0.12000000,1300.00000000
1286736129,0.12500000,4.00000000
1286736129,0.12700000,50.00000000
1286736129,0.13000000,10.00000000
1286736129,0.13000000,50.00000000
1286736523,0.13010000,48.00000000
1286738890,0.13010000,52.00000000
1286738897,0.13000000,0.00000000
1286738906,0.11901000,489.00000000
1286738917,0.10440000,1000.00000000
1286738925,0.10440000,145.00000000
1286742122,0.10100000,200.00000000
1286742207,0.10439000,25.00000000
1286742278,0.10000000,2145.00000000
1286743055,0.10001000,2100.00000000
1286743055,0.10000000,1194.00000000
1286743206,0.09500000,25.00000000
1286743206,0.09500000,2000.00000000
1286743411,0.10420000,390.00000000
1286744054,0.09999000,12.00000000
1286745056,0.10000000,440.00000000
1286748233,0.10000000,425.00000000
1286751395,0.09999900,10.00000000
1286751395,0.10000000,90.00000000
1286753192,0.10000000,200.00000000
1286755156,0.09650000,300.00000000
1286755297,0.09100400,25.00000000
1286755297,0.09100000,20.00000000
1286775415,0.09200000,100.00000000
1286790126,0.09800000,100.00000000
1286790126,0.09900000,25.00000000
1286790126,0.09900000,96.00000000
1286790126,0.09990000,200.00000000
1286790126,0.10000000,100.00000000
1286790126,0.10000000,9479.00000000
1286793185,0.10000000,101.00000000
1286793185,0.10000000,50.00000000
1286793185,0.10000000,1000.00000000
1286793208,0.10300000,196.00000000
1286805759,0.09401000,100.00000000
1286810718,0.09499000,10.00000000
1286810793,0.09499000,35.00000000
1286815327,0.09499000,555.00000000
1286829228,0.09500000,1900.00000000
1286846188,0.09400000,11.00000000
1286853926,0.09500000,13.00000000
1286853926,0.09410000,50.00000000
1286853926,0.09400000,937.00000000
1286857319,0.09400000,8000.00000000
1286857784,0.09790000,11.00000000
